%YAML 1.1
%TAG !u! tag:unity3d.com,2011:
--- !u!1 &596479087690033471
GameObject:
  m_ObjectHideFlags: 0
  m_CorrespondingSourceObject: {fileID: 0}
  m_PrefabInstance: {fileID: 0}
  m_PrefabAsset: {fileID: 0}
  serializedVersion: 6
  m_Component:
  - component: {fileID: 6314472492589456301}
  - component: {fileID: 8702686976008357572}
  m_Layer: 0
  m_Name: "\u0411\u043B\u043E\u043D\u0434\u0438\u043D\u043A\u0430 (\u041B\u0430\u043D\u0430)"
  m_TagString: Untagged
  m_Icon: {fileID: 0}
  m_NavMeshLayer: 0
  m_StaticEditorFlags: 0
  m_IsActive: 1
--- !u!4 &6314472492589456301
Transform:
  m_ObjectHideFlags: 0
  m_CorrespondingSourceObject: {fileID: 0}
  m_PrefabInstance: {fileID: 0}
  m_PrefabAsset: {fileID: 0}
  m_GameObject: {fileID: 596479087690033471}
  m_LocalRotation: {x: -0, y: -0, z: -0, w: 1}
  m_LocalPosition: {x: -302.6144, y: -151.21172, z: 101.26361}
  m_LocalScale: {x: 1, y: 1, z: 1}
  m_Children: []
  m_Father: {fileID: 2305533425901668228}
  m_RootOrder: 24
  m_LocalEulerAnglesHint: {x: 0, y: 0, z: 0}
--- !u!114 &8702686976008357572
MonoBehaviour:
  m_ObjectHideFlags: 0
  m_CorrespondingSourceObject: {fileID: 0}
  m_PrefabInstance: {fileID: 0}
  m_PrefabAsset: {fileID: 0}
  m_GameObject: {fileID: 596479087690033471}
  m_Enabled: 1
  m_EditorHideFlags: 0
  m_Script: {fileID: 11500000, guid: 25fb867d2049d41f597aefdd6b19f598, type: 3}
  m_Name: 
  m_EditorClassIdentifier: 
  nameText: "\u0411\u043B\u043E\u043D\u0434\u0438\u043D\u043A\u0430"
  nameColor: {r: 1, g: 1, b: 1, a: 1}
  soundEffect: {fileID: 0}
  bodyPosition: {x: -43.4, y: 305.9}
  body: {fileID: 21300000, guid: d0662ac1eac261e4688c81b48a20bec3, type: 3}
  portraits:
  - {fileID: 21300000, guid: 563cdbf73c383164c8c141d7c65e6a1d, type: 3}
  - {fileID: 21300000, guid: ea0b74a118627464eb2b83548e45a961, type: 3}
  - {fileID: 21300000, guid: 512ac27d4d5f40641b350b55f7a38d00, type: 3}
  - {fileID: 21300000, guid: 4aa52580cc9cb2e4d9343d91a58850ee, type: 3}
  - {fileID: 21300000, guid: 40ab9f9f188534043a5a2e3ec2c2b581, type: 3}
  portraitsFace: 2
  setSayDialog: {fileID: 0}
  description: 
--- !u!1 &637561304249099958
GameObject:
  m_ObjectHideFlags: 0
  m_CorrespondingSourceObject: {fileID: 0}
  m_PrefabInstance: {fileID: 0}
  m_PrefabAsset: {fileID: 0}
  serializedVersion: 6
  m_Component:
  - component: {fileID: 796562642645853570}
  - component: {fileID: 886332507418090833}
  m_Layer: 0
  m_Name: "\u0410\u043B\u0435\u043A\u0441 "
  m_TagString: Untagged
  m_Icon: {fileID: 0}
  m_NavMeshLayer: 0
  m_StaticEditorFlags: 0
  m_IsActive: 1
--- !u!4 &796562642645853570
Transform:
  m_ObjectHideFlags: 0
  m_CorrespondingSourceObject: {fileID: 0}
  m_PrefabInstance: {fileID: 0}
  m_PrefabAsset: {fileID: 0}
  m_GameObject: {fileID: 637561304249099958}
  m_LocalRotation: {x: -0, y: -0, z: -0, w: 1}
  m_LocalPosition: {x: -302.6144, y: -151.21172, z: 101.26361}
  m_LocalScale: {x: 1, y: 1, z: 1}
  m_Children: []
  m_Father: {fileID: 2305533425901668228}
  m_RootOrder: 33
  m_LocalEulerAnglesHint: {x: 0, y: 0, z: 0}
--- !u!114 &886332507418090833
MonoBehaviour:
  m_ObjectHideFlags: 0
  m_CorrespondingSourceObject: {fileID: 0}
  m_PrefabInstance: {fileID: 0}
  m_PrefabAsset: {fileID: 0}
  m_GameObject: {fileID: 637561304249099958}
  m_Enabled: 1
  m_EditorHideFlags: 0
  m_Script: {fileID: 11500000, guid: 25fb867d2049d41f597aefdd6b19f598, type: 3}
  m_Name: 
  m_EditorClassIdentifier: 
  nameText: "\u0410\u043B\u0435\u043A\u0441 "
  nameColor: {r: 1, g: 1, b: 1, a: 1}
  soundEffect: {fileID: 0}
  bodyPosition: {x: 0, y: 358.7}
  body: {fileID: 21300000, guid: 589ea01b936cdb54d8fb586e1cd2b72f, type: 3}
  portraits:
  - {fileID: 21300000, guid: 77eb2c6a3c46a104681eb53a7e63ca96, type: 3}
  - {fileID: 21300000, guid: f5b012cfd9cfb68428c66a3609e0ac16, type: 3}
  portraitsFace: 2
  setSayDialog: {fileID: 0}
  description: 
--- !u!1 &807438969187907553
GameObject:
  m_ObjectHideFlags: 0
  m_CorrespondingSourceObject: {fileID: 0}
  m_PrefabInstance: {fileID: 0}
  m_PrefabAsset: {fileID: 0}
  serializedVersion: 6
  m_Component:
  - component: {fileID: 2764599435525658622}
  - component: {fileID: 3139080654529106965}
  m_Layer: 0
  m_Name: "\u0413\u0435\u043D\u0440\u0438\u0445"
  m_TagString: Untagged
  m_Icon: {fileID: 0}
  m_NavMeshLayer: 0
  m_StaticEditorFlags: 0
  m_IsActive: 1
--- !u!4 &2764599435525658622
Transform:
  m_ObjectHideFlags: 0
  m_CorrespondingSourceObject: {fileID: 0}
  m_PrefabInstance: {fileID: 0}
  m_PrefabAsset: {fileID: 0}
  m_GameObject: {fileID: 807438969187907553}
  m_LocalRotation: {x: -0, y: -0, z: -0, w: 1}
  m_LocalPosition: {x: -302.6144, y: -151.21172, z: 101.26361}
  m_LocalScale: {x: 1, y: 1, z: 1}
  m_Children: []
  m_Father: {fileID: 2305533425901668228}
  m_RootOrder: 38
  m_LocalEulerAnglesHint: {x: 0, y: 0, z: 0}
--- !u!114 &3139080654529106965
MonoBehaviour:
  m_ObjectHideFlags: 0
  m_CorrespondingSourceObject: {fileID: 0}
  m_PrefabInstance: {fileID: 0}
  m_PrefabAsset: {fileID: 0}
  m_GameObject: {fileID: 807438969187907553}
  m_Enabled: 1
  m_EditorHideFlags: 0
  m_Script: {fileID: 11500000, guid: 25fb867d2049d41f597aefdd6b19f598, type: 3}
  m_Name: 
  m_EditorClassIdentifier: 
  nameText: "\u0413\u0435\u043D\u0440\u0438\u0445"
  nameColor: {r: 1, g: 1, b: 1, a: 1}
  soundEffect: {fileID: 0}
  bodyPosition: {x: -2.1, y: 361.6}
  body: {fileID: 21300000, guid: 9c3b4b2fda5467b47ad4bee1c954810c, type: 3}
  portraits:
  - {fileID: 21300000, guid: 4b56f8a55faeab84d8b21725f5c1b17b, type: 3}
  - {fileID: 21300000, guid: 393532079b7279246b123ec96bdc0a1b, type: 3}
  - {fileID: 21300000, guid: 801b8161ea21efc469b22cadb5488484, type: 3}
  - {fileID: 21300000, guid: b53b179718c1f474a9e4958c7fbd0e3a, type: 3}
  portraitsFace: 2
  setSayDialog: {fileID: 0}
  description: 
--- !u!1 &2175553385785860574
GameObject:
  m_ObjectHideFlags: 0
  m_CorrespondingSourceObject: {fileID: 0}
  m_PrefabInstance: {fileID: 0}
  m_PrefabAsset: {fileID: 0}
  serializedVersion: 6
  m_Component:
  - component: {fileID: 3276094514104608382}
  - component: {fileID: 8438144152309478602}
  m_Layer: 0
  m_Name: "\u041B\u0438\u043B\u0438\u0442"
  m_TagString: Untagged
  m_Icon: {fileID: 0}
  m_NavMeshLayer: 0
  m_StaticEditorFlags: 0
  m_IsActive: 1
--- !u!4 &3276094514104608382
Transform:
  m_ObjectHideFlags: 0
  m_CorrespondingSourceObject: {fileID: 0}
  m_PrefabInstance: {fileID: 0}
  m_PrefabAsset: {fileID: 0}
  m_GameObject: {fileID: 2175553385785860574}
  m_LocalRotation: {x: -0, y: -0, z: -0, w: 1}
  m_LocalPosition: {x: -302.6144, y: -151.21172, z: 101.26361}
  m_LocalScale: {x: 1, y: 1, z: 1}
  m_Children: []
  m_Father: {fileID: 2305533425901668228}
  m_RootOrder: 34
  m_LocalEulerAnglesHint: {x: 0, y: 0, z: 0}
--- !u!114 &8438144152309478602
MonoBehaviour:
  m_ObjectHideFlags: 0
  m_CorrespondingSourceObject: {fileID: 0}
  m_PrefabInstance: {fileID: 0}
  m_PrefabAsset: {fileID: 0}
  m_GameObject: {fileID: 2175553385785860574}
  m_Enabled: 1
  m_EditorHideFlags: 0
  m_Script: {fileID: 11500000, guid: 25fb867d2049d41f597aefdd6b19f598, type: 3}
  m_Name: 
  m_EditorClassIdentifier: 
  nameText: "\u041B\u0438\u043B\u0438\u0442"
  nameColor: {r: 1, g: 1, b: 1, a: 1}
  soundEffect: {fileID: 0}
  bodyPosition: {x: -11.6, y: 324.3}
  body: {fileID: 21300000, guid: 99cf9a4f0e4b08f46a70492f906d1e2b, type: 3}
  portraits:
  - {fileID: 21300000, guid: 7c7e3769e3b8fd841b318f2b3a228ee8, type: 3}
  - {fileID: 21300000, guid: 42550242a1ba6114eb892d412a270495, type: 3}
  portraitsFace: 2
  setSayDialog: {fileID: 0}
  description: 
--- !u!1 &2305533425901668231
GameObject:
  m_ObjectHideFlags: 0
  m_CorrespondingSourceObject: {fileID: 0}
  m_PrefabInstance: {fileID: 0}
  m_PrefabAsset: {fileID: 0}
  serializedVersion: 6
  m_Component:
  - component: {fileID: 2305533425901668228}
  m_Layer: 0
  m_Name: Characters
  m_TagString: Untagged
  m_Icon: {fileID: 0}
  m_NavMeshLayer: 0
  m_StaticEditorFlags: 0
  m_IsActive: 1
--- !u!4 &2305533425901668228
Transform:
  m_ObjectHideFlags: 0
  m_CorrespondingSourceObject: {fileID: 0}
  m_PrefabInstance: {fileID: 0}
  m_PrefabAsset: {fileID: 0}
  m_GameObject: {fileID: 2305533425901668231}
  m_LocalRotation: {x: 0, y: 0, z: 0, w: 1}
  m_LocalPosition: {x: 302.6144, y: 151.21172, z: -101.26361}
  m_LocalScale: {x: 1, y: 1, z: 1}
  m_Children:
  - {fileID: 2305533426659904096}
  - {fileID: 2305533427526421796}
  - {fileID: 2305533426350233578}
  - {fileID: 2305533426643907953}
  - {fileID: 2305533426879545211}
  - {fileID: 2305533427952198882}
  - {fileID: 2305533427899275302}
  - {fileID: 2305533426740261631}
  - {fileID: 2305533427791315590}
  - {fileID: 937108466337975304}
  - {fileID: 2305533427267444458}
  - {fileID: 2305533426722081644}
  - {fileID: 2305533427508562168}
  - {fileID: 2305533427855271244}
  - {fileID: 2305533426840448230}
  - {fileID: 2305533426562533334}
  - {fileID: 2305533426195761601}
  - {fileID: 2305533426677453491}
  - {fileID: 2305533426145139408}
  - {fileID: 2305533427188739342}
  - {fileID: 2305533427853981443}
  - {fileID: 2305533426160879280}
  - {fileID: 5957905926854893944}
  - {fileID: 9030333018635215280}
  - {fileID: 6314472492589456301}
  - {fileID: 2826308937517855155}
  - {fileID: 435327584511051863}
  - {fileID: 5938572694102734399}
  - {fileID: 8257782742328393338}
  - {fileID: 4728600223829548432}
  - {fileID: 8849353532247829993}
  - {fileID: 8116282019800530741}
  - {fileID: 3800325453980395352}
  - {fileID: 796562642645853570}
  - {fileID: 3276094514104608382}
  - {fileID: 3397773953150354816}
  - {fileID: 1704934858874692807}
  - {fileID: 6844486069349390949}
  - {fileID: 2764599435525658622}
  m_Father: {fileID: 0}
  m_RootOrder: 0
  m_LocalEulerAnglesHint: {x: 0, y: 0, z: 0}
--- !u!1 &2305533426145139411
GameObject:
  m_ObjectHideFlags: 0
  m_CorrespondingSourceObject: {fileID: 0}
  m_PrefabInstance: {fileID: 0}
  m_PrefabAsset: {fileID: 0}
  serializedVersion: 6
  m_Component:
  - component: {fileID: 2305533426145139408}
  - component: {fileID: 2305533426145139409}
  m_Layer: 0
  m_Name: "\u0414\u0435\u0432\u0443\u0448\u043A\u0430(\u042D\u043B\u0438\u0441)"
  m_TagString: Untagged
  m_Icon: {fileID: 0}
  m_NavMeshLayer: 0
  m_StaticEditorFlags: 0
  m_IsActive: 1
--- !u!4 &2305533426145139408
Transform:
  m_ObjectHideFlags: 0
  m_CorrespondingSourceObject: {fileID: 0}
  m_PrefabInstance: {fileID: 0}
  m_PrefabAsset: {fileID: 0}
  m_GameObject: {fileID: 2305533426145139411}
  m_LocalRotation: {x: -0, y: -0, z: -0, w: 1}
  m_LocalPosition: {x: -302.6144, y: -151.21172, z: 101.26361}
  m_LocalScale: {x: 1, y: 1, z: 1}
  m_Children: []
  m_Father: {fileID: 2305533425901668228}
  m_RootOrder: 18
  m_LocalEulerAnglesHint: {x: 0, y: 0, z: 0}
--- !u!114 &2305533426145139409
MonoBehaviour:
  m_ObjectHideFlags: 0
  m_CorrespondingSourceObject: {fileID: 0}
  m_PrefabInstance: {fileID: 0}
  m_PrefabAsset: {fileID: 0}
  m_GameObject: {fileID: 2305533426145139411}
  m_Enabled: 1
  m_EditorHideFlags: 0
  m_Script: {fileID: 11500000, guid: 25fb867d2049d41f597aefdd6b19f598, type: 3}
  m_Name: 
  m_EditorClassIdentifier: 
  nameText: "\u0414\u0435\u0432\u0443\u0448\u043A\u0430"
  nameColor: {r: 1, g: 1, b: 1, a: 1}
  soundEffect: {fileID: 0}
  bodyPosition: {x: -16.7, y: 316.3}
  body: {fileID: 21300000, guid: c1c4d9aa388a64c4fae3ad55a10e3089, type: 3}
  portraits:
  - {fileID: 21300000, guid: e832ecbb917170e41b5d9c786994ec16, type: 3}
  - {fileID: 21300000, guid: 34d71235d86a24746bce0a253a7a4b87, type: 3}
  - {fileID: 21300000, guid: b88ee6267355a384cb62e4e3e36c0795, type: 3}
  - {fileID: 21300000, guid: 60994d002d733dd419d445a759885f86, type: 3}
  - {fileID: 21300000, guid: adf6c227c01fd324ab37c2567bfec8d0, type: 3}
  - {fileID: 21300000, guid: d94453bd428776d4bbfe22f084715531, type: 3}
  portraitsFace: 2
  setSayDialog: {fileID: 0}
  description: 
--- !u!1 &2305533426160879283
GameObject:
  m_ObjectHideFlags: 0
  m_CorrespondingSourceObject: {fileID: 0}
  m_PrefabInstance: {fileID: 0}
  m_PrefabAsset: {fileID: 0}
  serializedVersion: 6
  m_Component:
  - component: {fileID: 2305533426160879280}
  - component: {fileID: 2305533426160879281}
  m_Layer: 0
  m_Name: "\u0414\u0436\u043E\u0440\u0434\u0430\u043D "
  m_TagString: Untagged
  m_Icon: {fileID: 0}
  m_NavMeshLayer: 0
  m_StaticEditorFlags: 0
  m_IsActive: 1
--- !u!4 &2305533426160879280
Transform:
  m_ObjectHideFlags: 0
  m_CorrespondingSourceObject: {fileID: 0}
  m_PrefabInstance: {fileID: 0}
  m_PrefabAsset: {fileID: 0}
  m_GameObject: {fileID: 2305533426160879283}
  m_LocalRotation: {x: -0, y: -0, z: -0, w: 1}
  m_LocalPosition: {x: -302.6144, y: -151.21172, z: 101.26361}
  m_LocalScale: {x: 1, y: 1, z: 1}
  m_Children: []
  m_Father: {fileID: 2305533425901668228}
  m_RootOrder: 21
  m_LocalEulerAnglesHint: {x: 0, y: 0, z: 0}
--- !u!114 &2305533426160879281
MonoBehaviour:
  m_ObjectHideFlags: 0
  m_CorrespondingSourceObject: {fileID: 0}
  m_PrefabInstance: {fileID: 0}
  m_PrefabAsset: {fileID: 0}
  m_GameObject: {fileID: 2305533426160879283}
  m_Enabled: 1
  m_EditorHideFlags: 0
  m_Script: {fileID: 11500000, guid: 25fb867d2049d41f597aefdd6b19f598, type: 3}
  m_Name: 
  m_EditorClassIdentifier: 
  nameText: "\u0414\u0436\u043E\u0440\u0434\u0430\u043D "
  nameColor: {r: 1, g: 1, b: 1, a: 1}
  soundEffect: {fileID: 0}
  bodyPosition: {x: -58, y: 365.3}
  body: {fileID: 21300000, guid: 2bc3197ceae14c5408b9c16721d37044, type: 3}
  portraits:
  - {fileID: 21300000, guid: 09877e1d357b46647b92626803eb171c, type: 3}
  - {fileID: 21300000, guid: 995a8a496ee4b594f9d4644766e47cce, type: 3}
  - {fileID: 21300000, guid: 63e0521f74ca2eb45a33e1f38e2416ce, type: 3}
  - {fileID: 21300000, guid: c7daad3cfaae0cc45b4a3ff77cf12d4c, type: 3}
  portraitsFace: 2
  setSayDialog: {fileID: 0}
  description: 
--- !u!1 &2305533426195761600
GameObject:
  m_ObjectHideFlags: 0
  m_CorrespondingSourceObject: {fileID: 0}
  m_PrefabInstance: {fileID: 0}
  m_PrefabAsset: {fileID: 0}
  serializedVersion: 6
  m_Component:
  - component: {fileID: 2305533426195761601}
  - component: {fileID: 2305533426195761606}
  m_Layer: 0
  m_Name: "\u0421\u0438\u043B\u0443\u044D\u0442"
  m_TagString: Untagged
  m_Icon: {fileID: 0}
  m_NavMeshLayer: 0
  m_StaticEditorFlags: 0
  m_IsActive: 1
--- !u!4 &2305533426195761601
Transform:
  m_ObjectHideFlags: 0
  m_CorrespondingSourceObject: {fileID: 0}
  m_PrefabInstance: {fileID: 0}
  m_PrefabAsset: {fileID: 0}
  m_GameObject: {fileID: 2305533426195761600}
  m_LocalRotation: {x: -0, y: -0, z: -0, w: 1}
  m_LocalPosition: {x: -302.6144, y: -151.21172, z: 101.26361}
  m_LocalScale: {x: 1, y: 1, z: 1}
  m_Children: []
  m_Father: {fileID: 2305533425901668228}
  m_RootOrder: 16
  m_LocalEulerAnglesHint: {x: 0, y: 0, z: 0}
--- !u!114 &2305533426195761606
MonoBehaviour:
  m_ObjectHideFlags: 0
  m_CorrespondingSourceObject: {fileID: 0}
  m_PrefabInstance: {fileID: 0}
  m_PrefabAsset: {fileID: 0}
  m_GameObject: {fileID: 2305533426195761600}
  m_Enabled: 1
  m_EditorHideFlags: 0
  m_Script: {fileID: 11500000, guid: 25fb867d2049d41f597aefdd6b19f598, type: 3}
  m_Name: 
  m_EditorClassIdentifier: 
  nameText: "\u0421\u0438\u043B\u0443\u044D\u0442"
  nameColor: {r: 1, g: 1, b: 1, a: 1}
  soundEffect: {fileID: 0}
  bodyPosition: {x: 0, y: 0}
  body: {fileID: 0}
  portraits:
  - {fileID: 21300000, guid: 0d00b70df8254cc4b8933978bce39920, type: 3}
  portraitsFace: 2
  setSayDialog: {fileID: 0}
  description: 
--- !u!1 &2305533426350233589
GameObject:
  m_ObjectHideFlags: 0
  m_CorrespondingSourceObject: {fileID: 0}
  m_PrefabInstance: {fileID: 0}
  m_PrefabAsset: {fileID: 0}
  serializedVersion: 6
  m_Component:
  - component: {fileID: 2305533426350233578}
  - component: {fileID: 2305533426350233579}
  m_Layer: 0
  m_Name: SYSTEM
  m_TagString: Untagged
  m_Icon: {fileID: 0}
  m_NavMeshLayer: 0
  m_StaticEditorFlags: 0
  m_IsActive: 1
--- !u!4 &2305533426350233578
Transform:
  m_ObjectHideFlags: 0
  m_CorrespondingSourceObject: {fileID: 0}
  m_PrefabInstance: {fileID: 0}
  m_PrefabAsset: {fileID: 0}
  m_GameObject: {fileID: 2305533426350233589}
  m_LocalRotation: {x: -0, y: -0, z: -0, w: 1}
  m_LocalPosition: {x: -302.6144, y: -151.21172, z: 101.26361}
  m_LocalScale: {x: 1, y: 1, z: 1}
  m_Children: []
  m_Father: {fileID: 2305533425901668228}
  m_RootOrder: 2
  m_LocalEulerAnglesHint: {x: 0, y: 0, z: 0}
--- !u!114 &2305533426350233579
MonoBehaviour:
  m_ObjectHideFlags: 0
  m_CorrespondingSourceObject: {fileID: 0}
  m_PrefabInstance: {fileID: 0}
  m_PrefabAsset: {fileID: 0}
  m_GameObject: {fileID: 2305533426350233589}
  m_Enabled: 1
  m_EditorHideFlags: 0
  m_Script: {fileID: 11500000, guid: 25fb867d2049d41f597aefdd6b19f598, type: 3}
  m_Name: 
  m_EditorClassIdentifier: 
  nameText: System
  nameColor: {r: 1, g: 1, b: 1, a: 1}
  soundEffect: {fileID: 0}
  bodyPosition: {x: 0, y: 0}
  body: {fileID: 0}
  portraits:
  - {fileID: 21300000, guid: 4129a79289bfc3540885a682fd129099, type: 3}
  portraitsFace: 0
  setSayDialog: {fileID: 0}
  description: 
--- !u!1 &2305533426562533329
GameObject:
  m_ObjectHideFlags: 0
  m_CorrespondingSourceObject: {fileID: 0}
  m_PrefabInstance: {fileID: 0}
  m_PrefabAsset: {fileID: 0}
  serializedVersion: 6
  m_Component:
  - component: {fileID: 2305533426562533334}
  - component: {fileID: 2305533426562533335}
  m_Layer: 0
  m_Name: "\u0413\u0440\u0435\u0433\u043E\u0440\u0438 "
  m_TagString: Untagged
  m_Icon: {fileID: 0}
  m_NavMeshLayer: 0
  m_StaticEditorFlags: 0
  m_IsActive: 1
--- !u!4 &2305533426562533334
Transform:
  m_ObjectHideFlags: 0
  m_CorrespondingSourceObject: {fileID: 0}
  m_PrefabInstance: {fileID: 0}
  m_PrefabAsset: {fileID: 0}
  m_GameObject: {fileID: 2305533426562533329}
  m_LocalRotation: {x: -0, y: -0, z: -0, w: 1}
  m_LocalPosition: {x: -302.6144, y: -151.21172, z: 101.26361}
  m_LocalScale: {x: 1, y: 1, z: 1}
  m_Children: []
  m_Father: {fileID: 2305533425901668228}
  m_RootOrder: 15
  m_LocalEulerAnglesHint: {x: 0, y: 0, z: 0}
--- !u!114 &2305533426562533335
MonoBehaviour:
  m_ObjectHideFlags: 0
  m_CorrespondingSourceObject: {fileID: 0}
  m_PrefabInstance: {fileID: 0}
  m_PrefabAsset: {fileID: 0}
  m_GameObject: {fileID: 2305533426562533329}
  m_Enabled: 1
  m_EditorHideFlags: 0
  m_Script: {fileID: 11500000, guid: 25fb867d2049d41f597aefdd6b19f598, type: 3}
  m_Name: 
  m_EditorClassIdentifier: 
  nameText: "\u0413\u0440\u0435\u0433\u043E\u0440\u0438 "
  nameColor: {r: 1, g: 1, b: 1, a: 1}
  soundEffect: {fileID: 0}
  bodyPosition: {x: -69.4, y: 350.4}
  body: {fileID: 21300000, guid: 6061a546235bfa34db63ca6579df02bf, type: 3}
  portraits:
  - {fileID: 21300000, guid: 6a86cce95ffd42946a4930135ef45eef, type: 3}
  - {fileID: 21300000, guid: f2c485ee8f051bb4fa011341a8fecdf3, type: 3}
  - {fileID: 21300000, guid: b4c911656a5349a4b9b8b46d00e16d6f, type: 3}
  - {fileID: 21300000, guid: b1537293977f7384fa7facd1277d40ad, type: 3}
  portraitsFace: 2
  setSayDialog: {fileID: 0}
  description: 
--- !u!1 &2305533426643907952
GameObject:
  m_ObjectHideFlags: 0
  m_CorrespondingSourceObject: {fileID: 0}
  m_PrefabInstance: {fileID: 0}
  m_PrefabAsset: {fileID: 0}
  serializedVersion: 6
  m_Component:
  - component: {fileID: 2305533426643907953}
  - component: {fileID: 2305533426643907958}
  m_Layer: 0
  m_Name: Null
  m_TagString: Untagged
  m_Icon: {fileID: 0}
  m_NavMeshLayer: 0
  m_StaticEditorFlags: 0
  m_IsActive: 1
--- !u!4 &2305533426643907953
Transform:
  m_ObjectHideFlags: 0
  m_CorrespondingSourceObject: {fileID: 0}
  m_PrefabInstance: {fileID: 0}
  m_PrefabAsset: {fileID: 0}
  m_GameObject: {fileID: 2305533426643907952}
  m_LocalRotation: {x: -0, y: -0, z: -0, w: 1}
  m_LocalPosition: {x: -302.6144, y: -151.21172, z: 101.26361}
  m_LocalScale: {x: 1, y: 1, z: 1}
  m_Children: []
  m_Father: {fileID: 2305533425901668228}
  m_RootOrder: 3
  m_LocalEulerAnglesHint: {x: 0, y: 0, z: 0}
--- !u!114 &2305533426643907958
MonoBehaviour:
  m_ObjectHideFlags: 0
  m_CorrespondingSourceObject: {fileID: 0}
  m_PrefabInstance: {fileID: 0}
  m_PrefabAsset: {fileID: 0}
  m_GameObject: {fileID: 2305533426643907952}
  m_Enabled: 1
  m_EditorHideFlags: 0
  m_Script: {fileID: 11500000, guid: 25fb867d2049d41f597aefdd6b19f598, type: 3}
  m_Name: 
  m_EditorClassIdentifier: 
  nameText: NULL
  nameColor: {r: 1, g: 1, b: 1, a: 1}
  soundEffect: {fileID: 0}
  bodyPosition: {x: 0, y: 0}
  body: {fileID: 0}
  portraits:
  - {fileID: 21300000, guid: 4129a79289bfc3540885a682fd129099, type: 3}
  portraitsFace: 0
  setSayDialog: {fileID: 0}
  description: 
--- !u!1 &2305533426659904099
GameObject:
  m_ObjectHideFlags: 0
  m_CorrespondingSourceObject: {fileID: 0}
  m_PrefabInstance: {fileID: 0}
  m_PrefabAsset: {fileID: 0}
  serializedVersion: 6
  m_Component:
  - component: {fileID: 2305533426659904096}
  - component: {fileID: 2305533426659904097}
  m_Layer: 0
  m_Name: '[...]'
  m_TagString: Untagged
  m_Icon: {fileID: 0}
  m_NavMeshLayer: 0
  m_StaticEditorFlags: 0
  m_IsActive: 1
--- !u!4 &2305533426659904096
Transform:
  m_ObjectHideFlags: 0
  m_CorrespondingSourceObject: {fileID: 0}
  m_PrefabInstance: {fileID: 0}
  m_PrefabAsset: {fileID: 0}
  m_GameObject: {fileID: 2305533426659904099}
  m_LocalRotation: {x: -0, y: -0, z: -0, w: 1}
  m_LocalPosition: {x: -302.6144, y: -151.21172, z: 101.26361}
  m_LocalScale: {x: 1, y: 1, z: 1}
  m_Children: []
  m_Father: {fileID: 2305533425901668228}
  m_RootOrder: 0
  m_LocalEulerAnglesHint: {x: 0, y: 0, z: 0}
--- !u!114 &2305533426659904097
MonoBehaviour:
  m_ObjectHideFlags: 0
  m_CorrespondingSourceObject: {fileID: 0}
  m_PrefabInstance: {fileID: 0}
  m_PrefabAsset: {fileID: 0}
  m_GameObject: {fileID: 2305533426659904099}
  m_Enabled: 1
  m_EditorHideFlags: 0
  m_Script: {fileID: 11500000, guid: 25fb867d2049d41f597aefdd6b19f598, type: 3}
  m_Name: 
  m_EditorClassIdentifier: 
  nameText: '[...]'
  nameColor: {r: 1, g: 1, b: 1, a: 1}
  soundEffect: {fileID: 0}
  bodyPosition: {x: 0, y: 0}
  body: {fileID: 0}
  portraits:
  - {fileID: 21300000, guid: 4129a79289bfc3540885a682fd129099, type: 3}
  portraitsFace: 0
  setSayDialog: {fileID: 0}
  description: 
--- !u!1 &2305533426677453490
GameObject:
  m_ObjectHideFlags: 0
  m_CorrespondingSourceObject: {fileID: 0}
  m_PrefabInstance: {fileID: 0}
  m_PrefabAsset: {fileID: 0}
  serializedVersion: 6
  m_Component:
  - component: {fileID: 2305533426677453491}
  - component: {fileID: 2305533426677453488}
  m_Layer: 0
  m_Name: "\u0411\u043E\u0431\u0431\u0438"
  m_TagString: Untagged
  m_Icon: {fileID: 0}
  m_NavMeshLayer: 0
  m_StaticEditorFlags: 0
  m_IsActive: 1
--- !u!4 &2305533426677453491
Transform:
  m_ObjectHideFlags: 0
  m_CorrespondingSourceObject: {fileID: 0}
  m_PrefabInstance: {fileID: 0}
  m_PrefabAsset: {fileID: 0}
  m_GameObject: {fileID: 2305533426677453490}
  m_LocalRotation: {x: -0, y: -0, z: -0, w: 1}
  m_LocalPosition: {x: -302.6144, y: -151.21172, z: 101.26361}
  m_LocalScale: {x: 1, y: 1, z: 1}
  m_Children: []
  m_Father: {fileID: 2305533425901668228}
  m_RootOrder: 17
  m_LocalEulerAnglesHint: {x: 0, y: 0, z: 0}
--- !u!114 &2305533426677453488
MonoBehaviour:
  m_ObjectHideFlags: 0
  m_CorrespondingSourceObject: {fileID: 0}
  m_PrefabInstance: {fileID: 0}
  m_PrefabAsset: {fileID: 0}
  m_GameObject: {fileID: 2305533426677453490}
  m_Enabled: 1
  m_EditorHideFlags: 0
  m_Script: {fileID: 11500000, guid: 25fb867d2049d41f597aefdd6b19f598, type: 3}
  m_Name: 
  m_EditorClassIdentifier: 
  nameText: "\u0411\u043E\u0431\u0431\u0438"
  nameColor: {r: 1, g: 1, b: 1, a: 1}
  soundEffect: {fileID: 0}
  bodyPosition: {x: -3.96, y: 363.9}
  body: {fileID: 21300000, guid: aa67a136d0153c44e8cf6f22ab7dfcd0, type: 3}
  portraits:
  - {fileID: 21300000, guid: b042ba21bcacc32488a679b5f05061e9, type: 3}
  - {fileID: 21300000, guid: 8a3d8820e3fd6b843bb0eeae238b9d63, type: 3}
  - {fileID: 21300000, guid: 1bce21c5a63254742b57cf94d3dd1c9e, type: 3}
  - {fileID: 21300000, guid: 568a1ec981fac594186ffebd2fee8355, type: 3}
  portraitsFace: 2
  setSayDialog: {fileID: 0}
  description: 
--- !u!1 &2305533426722081647
GameObject:
  m_ObjectHideFlags: 0
  m_CorrespondingSourceObject: {fileID: 0}
  m_PrefabInstance: {fileID: 0}
  m_PrefabAsset: {fileID: 0}
  serializedVersion: 6
  m_Component:
  - component: {fileID: 2305533426722081644}
  - component: {fileID: 2305533426722081645}
  m_Layer: 0
  m_Name: "\u041C\u0443\u0436\u0447\u0438\u043D\u0430(\u041A\u043E\u0434\u0438)"
  m_TagString: Untagged
  m_Icon: {fileID: 0}
  m_NavMeshLayer: 0
  m_StaticEditorFlags: 0
  m_IsActive: 1
--- !u!4 &2305533426722081644
Transform:
  m_ObjectHideFlags: 0
  m_CorrespondingSourceObject: {fileID: 0}
  m_PrefabInstance: {fileID: 0}
  m_PrefabAsset: {fileID: 0}
  m_GameObject: {fileID: 2305533426722081647}
  m_LocalRotation: {x: -0, y: -0, z: -0, w: 1}
  m_LocalPosition: {x: -302.6144, y: -151.21172, z: 101.26361}
  m_LocalScale: {x: 1, y: 1, z: 1}
  m_Children: []
  m_Father: {fileID: 2305533425901668228}
  m_RootOrder: 11
  m_LocalEulerAnglesHint: {x: 0, y: 0, z: 0}
--- !u!114 &2305533426722081645
MonoBehaviour:
  m_ObjectHideFlags: 0
  m_CorrespondingSourceObject: {fileID: 0}
  m_PrefabInstance: {fileID: 0}
  m_PrefabAsset: {fileID: 0}
  m_GameObject: {fileID: 2305533426722081647}
  m_Enabled: 1
  m_EditorHideFlags: 0
  m_Script: {fileID: 11500000, guid: 25fb867d2049d41f597aefdd6b19f598, type: 3}
  m_Name: 
  m_EditorClassIdentifier: 
  nameText: "\u041C\u0443\u0436\u0447\u0438\u043D\u0430"
  nameColor: {r: 1, g: 1, b: 1, a: 1}
  soundEffect: {fileID: 0}
  bodyPosition: {x: 0, y: 0}
  body: {fileID: 0}
  portraits:
  - {fileID: 21300000, guid: a3216cb5be69e2e45a02b9767b9543c4, type: 3}
  portraitsFace: 2
  setSayDialog: {fileID: 0}
  description: 
--- !u!1 &2305533426740261630
GameObject:
  m_ObjectHideFlags: 0
  m_CorrespondingSourceObject: {fileID: 0}
  m_PrefabInstance: {fileID: 0}
  m_PrefabAsset: {fileID: 0}
  serializedVersion: 6
  m_Component:
  - component: {fileID: 2305533426740261631}
  - component: {fileID: 2305533426740261628}
  m_Layer: 0
  m_Name: "\u041B\u0430\u043A\u04382"
  m_TagString: Untagged
  m_Icon: {fileID: 0}
  m_NavMeshLayer: 0
  m_StaticEditorFlags: 0
  m_IsActive: 1
--- !u!4 &2305533426740261631
Transform:
  m_ObjectHideFlags: 0
  m_CorrespondingSourceObject: {fileID: 0}
  m_PrefabInstance: {fileID: 0}
  m_PrefabAsset: {fileID: 0}
  m_GameObject: {fileID: 2305533426740261630}
  m_LocalRotation: {x: -0, y: -0, z: -0, w: 1}
  m_LocalPosition: {x: -302.6144, y: -151.21172, z: 101.26361}
  m_LocalScale: {x: 1, y: 1, z: 1}
  m_Children: []
  m_Father: {fileID: 2305533425901668228}
  m_RootOrder: 7
  m_LocalEulerAnglesHint: {x: 0, y: 0, z: 0}
--- !u!114 &2305533426740261628
MonoBehaviour:
  m_ObjectHideFlags: 0
  m_CorrespondingSourceObject: {fileID: 0}
  m_PrefabInstance: {fileID: 0}
  m_PrefabAsset: {fileID: 0}
  m_GameObject: {fileID: 2305533426740261630}
  m_Enabled: 1
  m_EditorHideFlags: 0
  m_Script: {fileID: 11500000, guid: 25fb867d2049d41f597aefdd6b19f598, type: 3}
  m_Name: 
  m_EditorClassIdentifier: 
  nameText: "\u041B\u0430\u043A\u0438 "
  nameColor: {r: 1, g: 1, b: 1, a: 1}
  soundEffect: {fileID: 0}
  bodyPosition: {x: 17.1, y: 332.1}
  body: {fileID: 21300000, guid: 7f33317979babeb4c8ce49d5274b9da4, type: 3}
  portraits:
  - {fileID: 21300000, guid: 1a26893d13f00a14eba819202eb8ff6a, type: 3}
  - {fileID: 21300000, guid: f37bc8312129f804e975dbd136df35b0, type: 3}
  - {fileID: 21300000, guid: 13f7c4fb06c50ae4a9048c433066c2c0, type: 3}
  - {fileID: 21300000, guid: 6327fe2ebe685c348a76e74851e759ca, type: 3}
  - {fileID: 21300000, guid: 3ddca7482ae5ca145a91b3ec1efd89a9, type: 3}
  - {fileID: 21300000, guid: 0ce56cbdf8a89ae48a9f791725e50521, type: 3}
  - {fileID: 21300000, guid: d25a5779aa4ca4243a05e573d89af175, type: 3}
  portraitsFace: 2
  setSayDialog: {fileID: 0}
  description: 
--- !u!1 &2305533426840448225
GameObject:
  m_ObjectHideFlags: 0
  m_CorrespondingSourceObject: {fileID: 0}
  m_PrefabInstance: {fileID: 0}
  m_PrefabAsset: {fileID: 0}
  serializedVersion: 6
  m_Component:
  - component: {fileID: 2305533426840448230}
  - component: {fileID: 2305533426840448231}
  m_Layer: 0
  m_Name: "\u041C\u0443\u0436\u0447\u0438\u043D\u0430(\u0414\u0436\u043E\u0440\u0434\u0430\u043D)"
  m_TagString: Untagged
  m_Icon: {fileID: 0}
  m_NavMeshLayer: 0
  m_StaticEditorFlags: 0
  m_IsActive: 1
--- !u!4 &2305533426840448230
Transform:
  m_ObjectHideFlags: 0
  m_CorrespondingSourceObject: {fileID: 0}
  m_PrefabInstance: {fileID: 0}
  m_PrefabAsset: {fileID: 0}
  m_GameObject: {fileID: 2305533426840448225}
  m_LocalRotation: {x: -0, y: -0, z: -0, w: 1}
  m_LocalPosition: {x: -302.6144, y: -151.21172, z: 101.26361}
  m_LocalScale: {x: 1, y: 1, z: 1}
  m_Children: []
  m_Father: {fileID: 2305533425901668228}
  m_RootOrder: 14
  m_LocalEulerAnglesHint: {x: 0, y: 0, z: 0}
--- !u!114 &2305533426840448231
MonoBehaviour:
  m_ObjectHideFlags: 0
  m_CorrespondingSourceObject: {fileID: 0}
  m_PrefabInstance: {fileID: 0}
  m_PrefabAsset: {fileID: 0}
  m_GameObject: {fileID: 2305533426840448225}
  m_Enabled: 1
  m_EditorHideFlags: 0
  m_Script: {fileID: 11500000, guid: 25fb867d2049d41f597aefdd6b19f598, type: 3}
  m_Name: 
  m_EditorClassIdentifier: 
  nameText: "\u041C\u0443\u0436\u0447\u0438\u043D\u0430"
  nameColor: {r: 1, g: 1, b: 1, a: 1}
  soundEffect: {fileID: 0}
  bodyPosition: {x: -58, y: 365.3}
  body: {fileID: 21300000, guid: 2bc3197ceae14c5408b9c16721d37044, type: 3}
  portraits:
  - {fileID: 21300000, guid: 09877e1d357b46647b92626803eb171c, type: 3}
  - {fileID: 21300000, guid: 995a8a496ee4b594f9d4644766e47cce, type: 3}
  - {fileID: 21300000, guid: 63e0521f74ca2eb45a33e1f38e2416ce, type: 3}
  - {fileID: 21300000, guid: c7daad3cfaae0cc45b4a3ff77cf12d4c, type: 3}
  portraitsFace: 2
  setSayDialog: {fileID: 0}
  description: 
--- !u!1 &2305533426879545210
GameObject:
  m_ObjectHideFlags: 0
  m_CorrespondingSourceObject: {fileID: 0}
  m_PrefabInstance: {fileID: 0}
  m_PrefabAsset: {fileID: 0}
  serializedVersion: 6
  m_Component:
  - component: {fileID: 2305533426879545211}
  - component: {fileID: 2305533426879545208}
  m_Layer: 0
  m_Name: "\u0420\u0438\u0447\u0430\u0440\u0434 "
  m_TagString: Untagged
  m_Icon: {fileID: 0}
  m_NavMeshLayer: 0
  m_StaticEditorFlags: 0
  m_IsActive: 1
--- !u!4 &2305533426879545211
Transform:
  m_ObjectHideFlags: 0
  m_CorrespondingSourceObject: {fileID: 0}
  m_PrefabInstance: {fileID: 0}
  m_PrefabAsset: {fileID: 0}
  m_GameObject: {fileID: 2305533426879545210}
  m_LocalRotation: {x: -0, y: -0, z: -0, w: 1}
  m_LocalPosition: {x: -302.6144, y: -151.21172, z: 101.26361}
  m_LocalScale: {x: 1, y: 1, z: 1}
  m_Children: []
  m_Father: {fileID: 2305533425901668228}
  m_RootOrder: 4
  m_LocalEulerAnglesHint: {x: 0, y: 0, z: 0}
--- !u!114 &2305533426879545208
MonoBehaviour:
  m_ObjectHideFlags: 0
  m_CorrespondingSourceObject: {fileID: 0}
  m_PrefabInstance: {fileID: 0}
  m_PrefabAsset: {fileID: 0}
  m_GameObject: {fileID: 2305533426879545210}
  m_Enabled: 1
  m_EditorHideFlags: 0
  m_Script: {fileID: 11500000, guid: 25fb867d2049d41f597aefdd6b19f598, type: 3}
  m_Name: 
  m_EditorClassIdentifier: 
  nameText: "\u0420\u0438\u0447\u0430\u0440\u0434"
  nameColor: {r: 1, g: 1, b: 1, a: 1}
  soundEffect: {fileID: 0}
  bodyPosition: {x: 0, y: 0}
  body: {fileID: 21300000, guid: 1c48593fd9b8d504e88b8aba60f3f6ec, type: 3}
  portraits:
  - {fileID: 21300000, guid: 47906997d7be66543a67a1f6c06e435d, type: 3}
  - {fileID: 21300000, guid: de0c8a7e24291814286d972b18162339, type: 3}
  - {fileID: 21300000, guid: 60dd23a584a702948818c8f87bd840f8, type: 3}
  - {fileID: 21300000, guid: 4664962293ab2b044b1a5f096b63a346, type: 3}
  - {fileID: 21300000, guid: 2e60d8c7a112d854090fdf88bbe17513, type: 3}
  - {fileID: 21300000, guid: 0626656432641ba4a83ed064d2428208, type: 3}
  - {fileID: 21300000, guid: f6de8d5351f644844b124e58b287df3b, type: 3}
  portraitsFace: 1
  setSayDialog: {fileID: 0}
  description: 
--- !u!1 &2305533427188739337
GameObject:
  m_ObjectHideFlags: 0
  m_CorrespondingSourceObject: {fileID: 0}
  m_PrefabInstance: {fileID: 0}
  m_PrefabAsset: {fileID: 0}
  serializedVersion: 6
  m_Component:
  - component: {fileID: 2305533427188739342}
  - component: {fileID: 2305533427188739343}
  m_Layer: 0
  m_Name: "\u0414\u0435\u0432\u0443\u0448\u043A\u0430(\u041B\u0430\u043D\u0430)"
  m_TagString: Untagged
  m_Icon: {fileID: 0}
  m_NavMeshLayer: 0
  m_StaticEditorFlags: 0
  m_IsActive: 1
--- !u!4 &2305533427188739342
Transform:
  m_ObjectHideFlags: 0
  m_CorrespondingSourceObject: {fileID: 0}
  m_PrefabInstance: {fileID: 0}
  m_PrefabAsset: {fileID: 0}
  m_GameObject: {fileID: 2305533427188739337}
  m_LocalRotation: {x: -0, y: -0, z: -0, w: 1}
  m_LocalPosition: {x: -302.6144, y: -151.21172, z: 101.26361}
  m_LocalScale: {x: 1, y: 1, z: 1}
  m_Children: []
  m_Father: {fileID: 2305533425901668228}
  m_RootOrder: 19
  m_LocalEulerAnglesHint: {x: 0, y: 0, z: 0}
--- !u!114 &2305533427188739343
MonoBehaviour:
  m_ObjectHideFlags: 0
  m_CorrespondingSourceObject: {fileID: 0}
  m_PrefabInstance: {fileID: 0}
  m_PrefabAsset: {fileID: 0}
  m_GameObject: {fileID: 2305533427188739337}
  m_Enabled: 1
  m_EditorHideFlags: 0
  m_Script: {fileID: 11500000, guid: 25fb867d2049d41f597aefdd6b19f598, type: 3}
  m_Name: 
  m_EditorClassIdentifier: 
  nameText: "\u0414\u0435\u0432\u0443\u0448\u043A\u0430"
  nameColor: {r: 1, g: 1, b: 1, a: 1}
  soundEffect: {fileID: 0}
  bodyPosition: {x: -43.4, y: 305.9}
  body: {fileID: 21300000, guid: d0662ac1eac261e4688c81b48a20bec3, type: 3}
  portraits:
  - {fileID: 21300000, guid: 563cdbf73c383164c8c141d7c65e6a1d, type: 3}
  - {fileID: 21300000, guid: ea0b74a118627464eb2b83548e45a961, type: 3}
  - {fileID: 21300000, guid: 512ac27d4d5f40641b350b55f7a38d00, type: 3}
  - {fileID: 21300000, guid: 4aa52580cc9cb2e4d9343d91a58850ee, type: 3}
  - {fileID: 21300000, guid: 40ab9f9f188534043a5a2e3ec2c2b581, type: 3}
  portraitsFace: 2
  setSayDialog: {fileID: 0}
  description: 
--- !u!1 &2305533427267444469
GameObject:
  m_ObjectHideFlags: 0
  m_CorrespondingSourceObject: {fileID: 0}
  m_PrefabInstance: {fileID: 0}
  m_PrefabAsset: {fileID: 0}
  serializedVersion: 6
  m_Component:
  - component: {fileID: 2305533427267444458}
  - component: {fileID: 2305533427267444459}
  m_Layer: 0
  m_Name: "\u041C\u0443\u0436\u0447\u0438\u043D\u0430(\u0413\u0440\u0435\u0433\u043E\u0440\u0438
    )"
  m_TagString: Untagged
  m_Icon: {fileID: 0}
  m_NavMeshLayer: 0
  m_StaticEditorFlags: 0
  m_IsActive: 1
--- !u!4 &2305533427267444458
Transform:
  m_ObjectHideFlags: 0
  m_CorrespondingSourceObject: {fileID: 0}
  m_PrefabInstance: {fileID: 0}
  m_PrefabAsset: {fileID: 0}
  m_GameObject: {fileID: 2305533427267444469}
  m_LocalRotation: {x: -0, y: -0, z: -0, w: 1}
  m_LocalPosition: {x: -302.6144, y: -151.21172, z: 101.26361}
  m_LocalScale: {x: 1, y: 1, z: 1}
  m_Children: []
  m_Father: {fileID: 2305533425901668228}
  m_RootOrder: 10
  m_LocalEulerAnglesHint: {x: 0, y: 0, z: 0}
--- !u!114 &2305533427267444459
MonoBehaviour:
  m_ObjectHideFlags: 0
  m_CorrespondingSourceObject: {fileID: 0}
  m_PrefabInstance: {fileID: 0}
  m_PrefabAsset: {fileID: 0}
  m_GameObject: {fileID: 2305533427267444469}
  m_Enabled: 1
  m_EditorHideFlags: 0
  m_Script: {fileID: 11500000, guid: 25fb867d2049d41f597aefdd6b19f598, type: 3}
  m_Name: 
  m_EditorClassIdentifier: 
  nameText: "\u041C\u0443\u0436\u0447\u0438\u043D\u0430"
  nameColor: {r: 1, g: 1, b: 1, a: 1}
  soundEffect: {fileID: 0}
  bodyPosition: {x: -69.4, y: 350.4}
  body: {fileID: 21300000, guid: 6061a546235bfa34db63ca6579df02bf, type: 3}
  portraits:
  - {fileID: 21300000, guid: 6a86cce95ffd42946a4930135ef45eef, type: 3}
  - {fileID: 21300000, guid: f2c485ee8f051bb4fa011341a8fecdf3, type: 3}
  - {fileID: 21300000, guid: b4c911656a5349a4b9b8b46d00e16d6f, type: 3}
  - {fileID: 21300000, guid: b1537293977f7384fa7facd1277d40ad, type: 3}
  portraitsFace: 2
  setSayDialog: {fileID: 0}
  description: 
--- !u!1 &2305533427508562171
GameObject:
  m_ObjectHideFlags: 0
  m_CorrespondingSourceObject: {fileID: 0}
  m_PrefabInstance: {fileID: 0}
  m_PrefabAsset: {fileID: 0}
  serializedVersion: 6
  m_Component:
  - component: {fileID: 2305533427508562168}
  - component: {fileID: 2305533427508562169}
  m_Layer: 0
  m_Name: "\u041C\u0443\u0436\u0447\u0438\u043D\u0430(\u0411\u043E\u0431\u0431\u0438)"
  m_TagString: Untagged
  m_Icon: {fileID: 0}
  m_NavMeshLayer: 0
  m_StaticEditorFlags: 0
  m_IsActive: 1
--- !u!4 &2305533427508562168
Transform:
  m_ObjectHideFlags: 0
  m_CorrespondingSourceObject: {fileID: 0}
  m_PrefabInstance: {fileID: 0}
  m_PrefabAsset: {fileID: 0}
  m_GameObject: {fileID: 2305533427508562171}
  m_LocalRotation: {x: -0, y: -0, z: -0, w: 1}
  m_LocalPosition: {x: -302.6144, y: -151.21172, z: 101.26361}
  m_LocalScale: {x: 1, y: 1, z: 1}
  m_Children: []
  m_Father: {fileID: 2305533425901668228}
  m_RootOrder: 12
  m_LocalEulerAnglesHint: {x: 0, y: 0, z: 0}
--- !u!114 &2305533427508562169
MonoBehaviour:
  m_ObjectHideFlags: 0
  m_CorrespondingSourceObject: {fileID: 0}
  m_PrefabInstance: {fileID: 0}
  m_PrefabAsset: {fileID: 0}
  m_GameObject: {fileID: 2305533427508562171}
  m_Enabled: 1
  m_EditorHideFlags: 0
  m_Script: {fileID: 11500000, guid: 25fb867d2049d41f597aefdd6b19f598, type: 3}
  m_Name: 
  m_EditorClassIdentifier: 
  nameText: "\u041C\u0443\u0436\u0447\u0438\u043D\u0430"
  nameColor: {r: 1, g: 1, b: 1, a: 1}
  soundEffect: {fileID: 0}
  bodyPosition: {x: -3.96, y: 363.9}
  body: {fileID: 21300000, guid: aa67a136d0153c44e8cf6f22ab7dfcd0, type: 3}
  portraits:
  - {fileID: 21300000, guid: b042ba21bcacc32488a679b5f05061e9, type: 3}
  - {fileID: 21300000, guid: 8a3d8820e3fd6b843bb0eeae238b9d63, type: 3}
  - {fileID: 21300000, guid: 1bce21c5a63254742b57cf94d3dd1c9e, type: 3}
  - {fileID: 21300000, guid: 568a1ec981fac594186ffebd2fee8355, type: 3}
  portraitsFace: 2
  setSayDialog: {fileID: 0}
  description: 
--- !u!1 &2305533427526421799
GameObject:
  m_ObjectHideFlags: 0
  m_CorrespondingSourceObject: {fileID: 0}
  m_PrefabInstance: {fileID: 0}
  m_PrefabAsset: {fileID: 0}
  serializedVersion: 6
  m_Component:
  - component: {fileID: 2305533427526421796}
  - component: {fileID: 2305533427526421797}
  m_Layer: 0
  m_Name: PARAMETR
  m_TagString: Untagged
  m_Icon: {fileID: 0}
  m_NavMeshLayer: 0
  m_StaticEditorFlags: 0
  m_IsActive: 1
--- !u!4 &2305533427526421796
Transform:
  m_ObjectHideFlags: 0
  m_CorrespondingSourceObject: {fileID: 0}
  m_PrefabInstance: {fileID: 0}
  m_PrefabAsset: {fileID: 0}
  m_GameObject: {fileID: 2305533427526421799}
  m_LocalRotation: {x: -0, y: -0, z: -0, w: 1}
  m_LocalPosition: {x: -302.6144, y: -151.21172, z: 101.26361}
  m_LocalScale: {x: 1, y: 1, z: 1}
  m_Children: []
  m_Father: {fileID: 2305533425901668228}
  m_RootOrder: 1
  m_LocalEulerAnglesHint: {x: 0, y: 0, z: 0}
--- !u!114 &2305533427526421797
MonoBehaviour:
  m_ObjectHideFlags: 0
  m_CorrespondingSourceObject: {fileID: 0}
  m_PrefabInstance: {fileID: 0}
  m_PrefabAsset: {fileID: 0}
  m_GameObject: {fileID: 2305533427526421799}
  m_Enabled: 1
  m_EditorHideFlags: 0
  m_Script: {fileID: 11500000, guid: 25fb867d2049d41f597aefdd6b19f598, type: 3}
  m_Name: 
  m_EditorClassIdentifier: 
  nameText: PARAMETR
  nameColor: {r: 1, g: 1, b: 1, a: 1}
  soundEffect: {fileID: 0}
  bodyPosition: {x: 0, y: 0}
  body: {fileID: 0}
  portraits:
  - {fileID: 21300000, guid: ea8f56c43254d41728f5ac4e8299b6c9, type: 3}
  portraitsFace: 0
  setSayDialog: {fileID: 0}
  description: 
--- !u!1 &2305533427791315585
GameObject:
  m_ObjectHideFlags: 0
  m_CorrespondingSourceObject: {fileID: 0}
  m_PrefabInstance: {fileID: 0}
  m_PrefabAsset: {fileID: 0}
  serializedVersion: 6
  m_Component:
  - component: {fileID: 2305533427791315590}
  - component: {fileID: 2305533427791315591}
  m_Layer: 0
  m_Name: "\u0413\u043B\u0430\u0432\u043D\u044B\u0439"
  m_TagString: Untagged
  m_Icon: {fileID: 0}
  m_NavMeshLayer: 0
  m_StaticEditorFlags: 0
  m_IsActive: 1
--- !u!4 &2305533427791315590
Transform:
  m_ObjectHideFlags: 0
  m_CorrespondingSourceObject: {fileID: 0}
  m_PrefabInstance: {fileID: 0}
  m_PrefabAsset: {fileID: 0}
  m_GameObject: {fileID: 2305533427791315585}
  m_LocalRotation: {x: -0, y: -0, z: -0, w: 1}
  m_LocalPosition: {x: -302.6144, y: -151.21172, z: 101.26361}
  m_LocalScale: {x: 1, y: 1, z: 1}
  m_Children: []
  m_Father: {fileID: 2305533425901668228}
  m_RootOrder: 8
  m_LocalEulerAnglesHint: {x: 0, y: 0, z: 0}
--- !u!114 &2305533427791315591
MonoBehaviour:
  m_ObjectHideFlags: 0
  m_CorrespondingSourceObject: {fileID: 0}
  m_PrefabInstance: {fileID: 0}
  m_PrefabAsset: {fileID: 0}
  m_GameObject: {fileID: 2305533427791315585}
  m_Enabled: 1
  m_EditorHideFlags: 0
  m_Script: {fileID: 11500000, guid: 25fb867d2049d41f597aefdd6b19f598, type: 3}
  m_Name: 
  m_EditorClassIdentifier: 
  nameText: "\u0413\u043B\u0430\u0432\u043D\u044B\u0439"
  nameColor: {r: 1, g: 1, b: 1, a: 1}
  soundEffect: {fileID: 0}
  bodyPosition: {x: 0, y: 0}
  body: {fileID: 0}
  portraits:
  - {fileID: 21300000, guid: ed600c5c42c46e54f941f06b4698df1a, type: 3}
  portraitsFace: 2
  setSayDialog: {fileID: 0}
  description: 
--- !u!1 &2305533427853981442
GameObject:
  m_ObjectHideFlags: 0
  m_CorrespondingSourceObject: {fileID: 0}
  m_PrefabInstance: {fileID: 0}
  m_PrefabAsset: {fileID: 0}
  serializedVersion: 6
  m_Component:
  - component: {fileID: 2305533427853981443}
  - component: {fileID: 2305533427853981440}
  m_Layer: 0
  m_Name: "\u0414\u0435\u0432\u0443\u0448\u043A\u0430(\u041B\u0438\u043B\u0438\u0442)"
  m_TagString: Untagged
  m_Icon: {fileID: 0}
  m_NavMeshLayer: 0
  m_StaticEditorFlags: 0
  m_IsActive: 1
--- !u!4 &2305533427853981443
Transform:
  m_ObjectHideFlags: 0
  m_CorrespondingSourceObject: {fileID: 0}
  m_PrefabInstance: {fileID: 0}
  m_PrefabAsset: {fileID: 0}
  m_GameObject: {fileID: 2305533427853981442}
  m_LocalRotation: {x: -0, y: -0, z: -0, w: 1}
  m_LocalPosition: {x: -302.6144, y: -151.21172, z: 101.26361}
  m_LocalScale: {x: 1, y: 1, z: 1}
  m_Children: []
  m_Father: {fileID: 2305533425901668228}
  m_RootOrder: 20
  m_LocalEulerAnglesHint: {x: 0, y: 0, z: 0}
--- !u!114 &2305533427853981440
MonoBehaviour:
  m_ObjectHideFlags: 0
  m_CorrespondingSourceObject: {fileID: 0}
  m_PrefabInstance: {fileID: 0}
  m_PrefabAsset: {fileID: 0}
  m_GameObject: {fileID: 2305533427853981442}
  m_Enabled: 1
  m_EditorHideFlags: 0
  m_Script: {fileID: 11500000, guid: 25fb867d2049d41f597aefdd6b19f598, type: 3}
  m_Name: 
  m_EditorClassIdentifier: 
  nameText: "\u0414\u0435\u0432\u0443\u0448\u043A\u0430"
  nameColor: {r: 1, g: 1, b: 1, a: 1}
  soundEffect: {fileID: 0}
  bodyPosition: {x: -11.6, y: 324.3}
  body: {fileID: 21300000, guid: 99cf9a4f0e4b08f46a70492f906d1e2b, type: 3}
  portraits:
  - {fileID: 21300000, guid: 7c7e3769e3b8fd841b318f2b3a228ee8, type: 3}
  - {fileID: 21300000, guid: 42550242a1ba6114eb892d412a270495, type: 3}
  portraitsFace: 2
  setSayDialog: {fileID: 0}
  description: 
--- !u!1 &2305533427855271247
GameObject:
  m_ObjectHideFlags: 0
  m_CorrespondingSourceObject: {fileID: 0}
  m_PrefabInstance: {fileID: 0}
  m_PrefabAsset: {fileID: 0}
  serializedVersion: 6
  m_Component:
  - component: {fileID: 2305533427855271244}
  - component: {fileID: 2305533427855271245}
  m_Layer: 0
  m_Name: "\u041C\u0443\u0436\u0447\u0438\u043D\u0430(\u041B\u0438\u0430\u043C)"
  m_TagString: Untagged
  m_Icon: {fileID: 0}
  m_NavMeshLayer: 0
  m_StaticEditorFlags: 0
  m_IsActive: 1
--- !u!4 &2305533427855271244
Transform:
  m_ObjectHideFlags: 0
  m_CorrespondingSourceObject: {fileID: 0}
  m_PrefabInstance: {fileID: 0}
  m_PrefabAsset: {fileID: 0}
  m_GameObject: {fileID: 2305533427855271247}
  m_LocalRotation: {x: -0, y: -0, z: -0, w: 1}
  m_LocalPosition: {x: -302.6144, y: -151.21172, z: 101.26361}
  m_LocalScale: {x: 1, y: 1, z: 1}
  m_Children: []
  m_Father: {fileID: 2305533425901668228}
  m_RootOrder: 13
  m_LocalEulerAnglesHint: {x: 0, y: 0, z: 0}
--- !u!114 &2305533427855271245
MonoBehaviour:
  m_ObjectHideFlags: 0
  m_CorrespondingSourceObject: {fileID: 0}
  m_PrefabInstance: {fileID: 0}
  m_PrefabAsset: {fileID: 0}
  m_GameObject: {fileID: 2305533427855271247}
  m_Enabled: 1
  m_EditorHideFlags: 0
  m_Script: {fileID: 11500000, guid: 25fb867d2049d41f597aefdd6b19f598, type: 3}
  m_Name: 
  m_EditorClassIdentifier: 
  nameText: "\u041C\u0443\u0436\u0447\u0438\u043D\u0430"
  nameColor: {r: 1, g: 1, b: 1, a: 1}
  soundEffect: {fileID: 0}
  bodyPosition: {x: -43.2, y: 369.8}
  body: {fileID: 21300000, guid: f706b0c8a64ad1d418cd0ac6fab44449, type: 3}
  portraits:
  - {fileID: 21300000, guid: d3422805b5cfb064eb77db1459de9ed7, type: 3}
  - {fileID: 21300000, guid: cf556a5f5118c0c4e811805c872e42eb, type: 3}
  - {fileID: 21300000, guid: 1600a982be408c242b66daec09789e2c, type: 3}
  portraitsFace: 2
  setSayDialog: {fileID: 0}
  description: 
--- !u!1 &2305533427899275297
GameObject:
  m_ObjectHideFlags: 0
  m_CorrespondingSourceObject: {fileID: 0}
  m_PrefabInstance: {fileID: 0}
  m_PrefabAsset: {fileID: 0}
  serializedVersion: 6
  m_Component:
  - component: {fileID: 2305533427899275302}
  - component: {fileID: 2305533427899275303}
  m_Layer: 0
  m_Name: "\u041B\u0430\u043A\u0438 "
  m_TagString: Untagged
  m_Icon: {fileID: 0}
  m_NavMeshLayer: 0
  m_StaticEditorFlags: 0
  m_IsActive: 1
--- !u!4 &2305533427899275302
Transform:
  m_ObjectHideFlags: 0
  m_CorrespondingSourceObject: {fileID: 0}
  m_PrefabInstance: {fileID: 0}
  m_PrefabAsset: {fileID: 0}
  m_GameObject: {fileID: 2305533427899275297}
  m_LocalRotation: {x: -0, y: -0, z: -0, w: 1}
  m_LocalPosition: {x: -302.6144, y: -151.21172, z: 101.26361}
  m_LocalScale: {x: 1, y: 1, z: 1}
  m_Children: []
  m_Father: {fileID: 2305533425901668228}
  m_RootOrder: 6
  m_LocalEulerAnglesHint: {x: 0, y: 0, z: 0}
--- !u!114 &2305533427899275303
MonoBehaviour:
  m_ObjectHideFlags: 0
  m_CorrespondingSourceObject: {fileID: 0}
  m_PrefabInstance: {fileID: 0}
  m_PrefabAsset: {fileID: 0}
  m_GameObject: {fileID: 2305533427899275297}
  m_Enabled: 1
  m_EditorHideFlags: 0
  m_Script: {fileID: 11500000, guid: 25fb867d2049d41f597aefdd6b19f598, type: 3}
  m_Name: 
  m_EditorClassIdentifier: 
  nameText: "\u041B\u0430\u043A\u0438 "
  nameColor: {r: 1, g: 1, b: 1, a: 1}
  soundEffect: {fileID: 0}
  bodyPosition: {x: 16.2, y: 332.1}
  body: {fileID: 21300000, guid: 46f8c4acdf7b4fe4c989cc887106d2a5, type: 3}
  portraits:
  - {fileID: 21300000, guid: 5bbc3cdf5184631479a54b7aa5f94c13, type: 3}
  - {fileID: 21300000, guid: 3954f884cb741ff4d83ca77b59aad923, type: 3}
  - {fileID: 21300000, guid: ac58df52ab28b174e9ede33c49152261, type: 3}
  - {fileID: 21300000, guid: ae8a2b4bb16343b43ad8d169dbe38870, type: 3}
  - {fileID: 21300000, guid: 6948554e4a784ef438c3c4501045d9fb, type: 3}
  - {fileID: 21300000, guid: 384c38887fa62c44091c144214b72e61, type: 3}
  - {fileID: 21300000, guid: 0e0da34343402f1449e7b0b95a595615, type: 3}
  portraitsFace: 2
  setSayDialog: {fileID: 0}
  description: 
--- !u!1 &2305533427952198893
GameObject:
  m_ObjectHideFlags: 0
  m_CorrespondingSourceObject: {fileID: 0}
  m_PrefabInstance: {fileID: 0}
  m_PrefabAsset: {fileID: 0}
  serializedVersion: 6
  m_Component:
  - component: {fileID: 2305533427952198882}
  - component: {fileID: 2305533427952198883}
  m_Layer: 0
  m_Name: "\u0420\u0438\u0447\u0430\u0440\u04342"
  m_TagString: Untagged
  m_Icon: {fileID: 0}
  m_NavMeshLayer: 0
  m_StaticEditorFlags: 0
  m_IsActive: 1
--- !u!4 &2305533427952198882
Transform:
  m_ObjectHideFlags: 0
  m_CorrespondingSourceObject: {fileID: 0}
  m_PrefabInstance: {fileID: 0}
  m_PrefabAsset: {fileID: 0}
  m_GameObject: {fileID: 2305533427952198893}
  m_LocalRotation: {x: -0, y: -0, z: -0, w: 1}
  m_LocalPosition: {x: -302.6144, y: -151.21172, z: 101.26361}
  m_LocalScale: {x: 1, y: 1, z: 1}
  m_Children: []
  m_Father: {fileID: 2305533425901668228}
  m_RootOrder: 5
  m_LocalEulerAnglesHint: {x: 0, y: 0, z: 0}
--- !u!114 &2305533427952198883
MonoBehaviour:
  m_ObjectHideFlags: 0
  m_CorrespondingSourceObject: {fileID: 0}
  m_PrefabInstance: {fileID: 0}
  m_PrefabAsset: {fileID: 0}
  m_GameObject: {fileID: 2305533427952198893}
  m_Enabled: 1
  m_EditorHideFlags: 0
  m_Script: {fileID: 11500000, guid: 25fb867d2049d41f597aefdd6b19f598, type: 3}
  m_Name: 
  m_EditorClassIdentifier: 
  nameText: "\u0420\u0438\u0447\u0430\u0440\u0434"
  nameColor: {r: 1, g: 1, b: 1, a: 1}
  soundEffect: {fileID: 0}
  bodyPosition: {x: 0, y: 0}
  body: {fileID: 21300000, guid: 1c48593fd9b8d504e88b8aba60f3f6ec, type: 3}
  portraits:
  - {fileID: 21300000, guid: 47906997d7be66543a67a1f6c06e435d, type: 3}
  - {fileID: 21300000, guid: de0c8a7e24291814286d972b18162339, type: 3}
  - {fileID: 21300000, guid: 60dd23a584a702948818c8f87bd840f8, type: 3}
  - {fileID: 21300000, guid: 4664962293ab2b044b1a5f096b63a346, type: 3}
  - {fileID: 21300000, guid: 2e60d8c7a112d854090fdf88bbe17513, type: 3}
  - {fileID: 21300000, guid: 0626656432641ba4a83ed064d2428208, type: 3}
  - {fileID: 21300000, guid: f6de8d5351f644844b124e58b287df3b, type: 3}
  portraitsFace: 1
  setSayDialog: {fileID: 0}
  description: 
--- !u!1 &3582459439630310935
GameObject:
  m_ObjectHideFlags: 0
  m_CorrespondingSourceObject: {fileID: 0}
  m_PrefabInstance: {fileID: 0}
  m_PrefabAsset: {fileID: 0}
  serializedVersion: 6
  m_Component:
  - component: {fileID: 2826308937517855155}
  - component: {fileID: 2044951858347171100}
  m_Layer: 0
  m_Name: "\u041B\u0430\u043D\u0430"
  m_TagString: Untagged
  m_Icon: {fileID: 0}
  m_NavMeshLayer: 0
  m_StaticEditorFlags: 0
  m_IsActive: 1
--- !u!4 &2826308937517855155
Transform:
  m_ObjectHideFlags: 0
  m_CorrespondingSourceObject: {fileID: 0}
  m_PrefabInstance: {fileID: 0}
  m_PrefabAsset: {fileID: 0}
  m_GameObject: {fileID: 3582459439630310935}
  m_LocalRotation: {x: -0, y: -0, z: -0, w: 1}
  m_LocalPosition: {x: -302.6144, y: -151.21172, z: 101.26361}
  m_LocalScale: {x: 1, y: 1, z: 1}
  m_Children: []
  m_Father: {fileID: 2305533425901668228}
  m_RootOrder: 25
  m_LocalEulerAnglesHint: {x: 0, y: 0, z: 0}
--- !u!114 &2044951858347171100
MonoBehaviour:
  m_ObjectHideFlags: 0
  m_CorrespondingSourceObject: {fileID: 0}
  m_PrefabInstance: {fileID: 0}
  m_PrefabAsset: {fileID: 0}
  m_GameObject: {fileID: 3582459439630310935}
  m_Enabled: 1
  m_EditorHideFlags: 0
  m_Script: {fileID: 11500000, guid: 25fb867d2049d41f597aefdd6b19f598, type: 3}
  m_Name: 
  m_EditorClassIdentifier: 
  nameText: "\u041B\u0430\u043D\u0430"
  nameColor: {r: 1, g: 1, b: 1, a: 1}
  soundEffect: {fileID: 0}
  bodyPosition: {x: -43.4, y: 305.9}
  body: {fileID: 21300000, guid: d0662ac1eac261e4688c81b48a20bec3, type: 3}
  portraits:
  - {fileID: 21300000, guid: 563cdbf73c383164c8c141d7c65e6a1d, type: 3}
  - {fileID: 21300000, guid: ea0b74a118627464eb2b83548e45a961, type: 3}
  - {fileID: 21300000, guid: 512ac27d4d5f40641b350b55f7a38d00, type: 3}
  - {fileID: 21300000, guid: 4aa52580cc9cb2e4d9343d91a58850ee, type: 3}
  - {fileID: 21300000, guid: 40ab9f9f188534043a5a2e3ec2c2b581, type: 3}
  portraitsFace: 2
  setSayDialog: {fileID: 0}
  description: 
--- !u!1 &4409440725234102780
GameObject:
  m_ObjectHideFlags: 0
  m_CorrespondingSourceObject: {fileID: 0}
  m_PrefabInstance: {fileID: 0}
  m_PrefabAsset: {fileID: 0}
  serializedVersion: 6
  m_Component:
  - component: {fileID: 1704934858874692807}
  - component: {fileID: 2501883846542985312}
  m_Layer: 0
  m_Name: "\u0414\u0435\u0432\u0443\u0448\u043A\u0430(\u041A\u0438\u0442\u0442\u0438)"
  m_TagString: Untagged
  m_Icon: {fileID: 0}
  m_NavMeshLayer: 0
  m_StaticEditorFlags: 0
  m_IsActive: 1
--- !u!4 &1704934858874692807
Transform:
  m_ObjectHideFlags: 0
  m_CorrespondingSourceObject: {fileID: 0}
  m_PrefabInstance: {fileID: 0}
  m_PrefabAsset: {fileID: 0}
  m_GameObject: {fileID: 4409440725234102780}
  m_LocalRotation: {x: -0, y: -0, z: -0, w: 1}
  m_LocalPosition: {x: -302.6144, y: -151.21172, z: 101.26361}
  m_LocalScale: {x: 1, y: 1, z: 1}
  m_Children: []
  m_Father: {fileID: 2305533425901668228}
  m_RootOrder: 36
  m_LocalEulerAnglesHint: {x: 0, y: 0, z: 0}
--- !u!114 &2501883846542985312
MonoBehaviour:
  m_ObjectHideFlags: 0
  m_CorrespondingSourceObject: {fileID: 0}
  m_PrefabInstance: {fileID: 0}
  m_PrefabAsset: {fileID: 0}
  m_GameObject: {fileID: 4409440725234102780}
  m_Enabled: 1
  m_EditorHideFlags: 0
  m_Script: {fileID: 11500000, guid: 25fb867d2049d41f597aefdd6b19f598, type: 3}
  m_Name: 
  m_EditorClassIdentifier: 
  nameText: "\u0414\u0435\u0432\u0443\u0448\u043A\u0430 "
  nameColor: {r: 1, g: 1, b: 1, a: 1}
  soundEffect: {fileID: 0}
  bodyPosition: {x: -5.1, y: 300.4}
  body: {fileID: 21300000, guid: af5ffe7bab9a6ac43a231d0c6b3084bd, type: 3}
  portraits:
  - {fileID: 21300000, guid: 4914d323fafd0fd49817e3653abb2544, type: 3}
  - {fileID: 21300000, guid: ce1c7f1dc028cce47999b0ef6d46ab6f, type: 3}
  portraitsFace: 2
  setSayDialog: {fileID: 0}
  description: 
--- !u!1 &4437713971886884383
GameObject:
  m_ObjectHideFlags: 0
  m_CorrespondingSourceObject: {fileID: 0}
  m_PrefabInstance: {fileID: 0}
  m_PrefabAsset: {fileID: 0}
  serializedVersion: 6
  m_Component:
  - component: {fileID: 8257782742328393338}
  - component: {fileID: 2213639704294108067}
  m_Layer: 0
  m_Name: "\u041A\u0440\u0443\u043F\u044C\u0435 (\u041B\u0438\u0430\u043C)"
  m_TagString: Untagged
  m_Icon: {fileID: 0}
  m_NavMeshLayer: 0
  m_StaticEditorFlags: 0
  m_IsActive: 1
--- !u!4 &8257782742328393338
Transform:
  m_ObjectHideFlags: 0
  m_CorrespondingSourceObject: {fileID: 0}
  m_PrefabInstance: {fileID: 0}
  m_PrefabAsset: {fileID: 0}
  m_GameObject: {fileID: 4437713971886884383}
  m_LocalRotation: {x: -0, y: -0, z: -0, w: 1}
  m_LocalPosition: {x: -302.6144, y: -151.21172, z: 101.26361}
  m_LocalScale: {x: 1, y: 1, z: 1}
  m_Children: []
  m_Father: {fileID: 2305533425901668228}
  m_RootOrder: 28
  m_LocalEulerAnglesHint: {x: 0, y: 0, z: 0}
--- !u!114 &2213639704294108067
MonoBehaviour:
  m_ObjectHideFlags: 0
  m_CorrespondingSourceObject: {fileID: 0}
  m_PrefabInstance: {fileID: 0}
  m_PrefabAsset: {fileID: 0}
  m_GameObject: {fileID: 4437713971886884383}
  m_Enabled: 1
  m_EditorHideFlags: 0
  m_Script: {fileID: 11500000, guid: 25fb867d2049d41f597aefdd6b19f598, type: 3}
  m_Name: 
  m_EditorClassIdentifier: 
  nameText: "\u041A\u0440\u0443\u043F\u044C\u0435"
  nameColor: {r: 1, g: 1, b: 1, a: 1}
  soundEffect: {fileID: 0}
  bodyPosition: {x: -43.2, y: 369.8}
  body: {fileID: 21300000, guid: f706b0c8a64ad1d418cd0ac6fab44449, type: 3}
  portraits:
  - {fileID: 21300000, guid: d3422805b5cfb064eb77db1459de9ed7, type: 3}
  - {fileID: 21300000, guid: cf556a5f5118c0c4e811805c872e42eb, type: 3}
  - {fileID: 21300000, guid: 1600a982be408c242b66daec09789e2c, type: 3}
  portraitsFace: 2
  setSayDialog: {fileID: 0}
  description: 
--- !u!1 &4459018976452786789
GameObject:
  m_ObjectHideFlags: 0
  m_CorrespondingSourceObject: {fileID: 0}
  m_PrefabInstance: {fileID: 0}
  m_PrefabAsset: {fileID: 0}
  serializedVersion: 6
  m_Component:
  - component: {fileID: 435327584511051863}
  - component: {fileID: 185844460400222248}
  m_Layer: 0
  m_Name: "\u041A\u043E\u0434\u0438"
  m_TagString: Untagged
  m_Icon: {fileID: 0}
  m_NavMeshLayer: 0
  m_StaticEditorFlags: 0
  m_IsActive: 1
--- !u!4 &435327584511051863
Transform:
  m_ObjectHideFlags: 0
  m_CorrespondingSourceObject: {fileID: 0}
  m_PrefabInstance: {fileID: 0}
  m_PrefabAsset: {fileID: 0}
  m_GameObject: {fileID: 4459018976452786789}
  m_LocalRotation: {x: -0, y: -0, z: -0, w: 1}
  m_LocalPosition: {x: -302.6144, y: -151.21172, z: 101.26361}
  m_LocalScale: {x: 1, y: 1, z: 1}
  m_Children: []
  m_Father: {fileID: 2305533425901668228}
  m_RootOrder: 26
  m_LocalEulerAnglesHint: {x: 0, y: 0, z: 0}
--- !u!114 &185844460400222248
MonoBehaviour:
  m_ObjectHideFlags: 0
  m_CorrespondingSourceObject: {fileID: 0}
  m_PrefabInstance: {fileID: 0}
  m_PrefabAsset: {fileID: 0}
  m_GameObject: {fileID: 4459018976452786789}
  m_Enabled: 1
  m_EditorHideFlags: 0
  m_Script: {fileID: 11500000, guid: 25fb867d2049d41f597aefdd6b19f598, type: 3}
  m_Name: 
  m_EditorClassIdentifier: 
  nameText: "\u041A\u043E\u0434\u0438"
  nameColor: {r: 1, g: 1, b: 1, a: 1}
  soundEffect: {fileID: 0}
  bodyPosition: {x: 0, y: 0}
  body: {fileID: 0}
  portraits:
  - {fileID: 21300000, guid: a3216cb5be69e2e45a02b9767b9543c4, type: 3}
  portraitsFace: 2
  setSayDialog: {fileID: 0}
  description: 
--- !u!1 &5934546083593723525
GameObject:
  m_ObjectHideFlags: 0
  m_CorrespondingSourceObject: {fileID: 0}
  m_PrefabInstance: {fileID: 0}
  m_PrefabAsset: {fileID: 0}
  serializedVersion: 6
  m_Component:
  - component: {fileID: 8849353532247829993}
  - component: {fileID: 6547990869983506664}
  m_Layer: 0
  m_Name: "\u041B\u0435\u0434\u0438 \u0410\u043D\u043D\u0430"
  m_TagString: Untagged
  m_Icon: {fileID: 0}
  m_NavMeshLayer: 0
  m_StaticEditorFlags: 0
  m_IsActive: 1
--- !u!4 &8849353532247829993
Transform:
  m_ObjectHideFlags: 0
  m_CorrespondingSourceObject: {fileID: 0}
  m_PrefabInstance: {fileID: 0}
  m_PrefabAsset: {fileID: 0}
  m_GameObject: {fileID: 5934546083593723525}
  m_LocalRotation: {x: -0, y: -0, z: -0, w: 1}
  m_LocalPosition: {x: -302.6144, y: -151.21172, z: 101.26361}
  m_LocalScale: {x: 1, y: 1, z: 1}
  m_Children: []
  m_Father: {fileID: 2305533425901668228}
  m_RootOrder: 30
  m_LocalEulerAnglesHint: {x: 0, y: 0, z: 0}
--- !u!114 &6547990869983506664
MonoBehaviour:
  m_ObjectHideFlags: 0
  m_CorrespondingSourceObject: {fileID: 0}
  m_PrefabInstance: {fileID: 0}
  m_PrefabAsset: {fileID: 0}
  m_GameObject: {fileID: 5934546083593723525}
  m_Enabled: 1
  m_EditorHideFlags: 0
  m_Script: {fileID: 11500000, guid: 25fb867d2049d41f597aefdd6b19f598, type: 3}
  m_Name: 
  m_EditorClassIdentifier: 
  nameText: "\u041B\u0435\u0434\u0438 \u0410\u043D\u043D\u0430"
  nameColor: {r: 1, g: 1, b: 1, a: 1}
  soundEffect: {fileID: 0}
  bodyPosition: {x: -39.5, y: 335.6}
  body: {fileID: 21300000, guid: 8af05a3e384ae42429f57270fb9a056f, type: 3}
  portraits:
  - {fileID: 21300000, guid: b7b4a0874ae8ccd4494b798926d3fe4e, type: 3}
  - {fileID: 21300000, guid: 8b63fc4bc4db9254b97168ea564c1bdc, type: 3}
  portraitsFace: 2
  setSayDialog: {fileID: 0}
  description: 
--- !u!1 &5964210819736611753
GameObject:
  m_ObjectHideFlags: 0
  m_CorrespondingSourceObject: {fileID: 0}
  m_PrefabInstance: {fileID: 0}
  m_PrefabAsset: {fileID: 0}
  serializedVersion: 6
  m_Component:
  - component: {fileID: 8116282019800530741}
  - component: {fileID: 4915255615902235068}
  m_Layer: 0
  m_Name: "\u0421\u043C\u0438\u0442"
  m_TagString: Untagged
  m_Icon: {fileID: 0}
  m_NavMeshLayer: 0
  m_StaticEditorFlags: 0
  m_IsActive: 1
--- !u!4 &8116282019800530741
Transform:
  m_ObjectHideFlags: 0
  m_CorrespondingSourceObject: {fileID: 0}
  m_PrefabInstance: {fileID: 0}
  m_PrefabAsset: {fileID: 0}
  m_GameObject: {fileID: 5964210819736611753}
  m_LocalRotation: {x: -0, y: -0, z: -0, w: 1}
  m_LocalPosition: {x: -302.6144, y: -151.21172, z: 101.26361}
  m_LocalScale: {x: 1, y: 1, z: 1}
  m_Children: []
  m_Father: {fileID: 2305533425901668228}
  m_RootOrder: 31
  m_LocalEulerAnglesHint: {x: 0, y: 0, z: 0}
--- !u!114 &4915255615902235068
MonoBehaviour:
  m_ObjectHideFlags: 0
  m_CorrespondingSourceObject: {fileID: 0}
  m_PrefabInstance: {fileID: 0}
  m_PrefabAsset: {fileID: 0}
  m_GameObject: {fileID: 5964210819736611753}
  m_Enabled: 1
  m_EditorHideFlags: 0
  m_Script: {fileID: 11500000, guid: 25fb867d2049d41f597aefdd6b19f598, type: 3}
  m_Name: 
  m_EditorClassIdentifier: 
  nameText: "\u0421\u043C\u0438\u0442"
  nameColor: {r: 1, g: 1, b: 1, a: 1}
  soundEffect: {fileID: 0}
  bodyPosition: {x: 0, y: 0}
  body: {fileID: 0}
  portraits:
  - {fileID: 21300000, guid: 720a809de722edb4887646805c68d34f, type: 3}
  portraitsFace: 2
  setSayDialog: {fileID: 0}
  description: 
--- !u!1 &6019831894657544328
GameObject:
  m_ObjectHideFlags: 0
  m_CorrespondingSourceObject: {fileID: 0}
  m_PrefabInstance: {fileID: 0}
  m_PrefabAsset: {fileID: 0}
  serializedVersion: 6
  m_Component:
  - component: {fileID: 4728600223829548432}
  - component: {fileID: 3806709287107982991}
  m_Layer: 0
  m_Name: "\u041B\u0438\u0430\u043C"
  m_TagString: Untagged
  m_Icon: {fileID: 0}
  m_NavMeshLayer: 0
  m_StaticEditorFlags: 0
  m_IsActive: 1
--- !u!4 &4728600223829548432
Transform:
  m_ObjectHideFlags: 0
  m_CorrespondingSourceObject: {fileID: 0}
  m_PrefabInstance: {fileID: 0}
  m_PrefabAsset: {fileID: 0}
  m_GameObject: {fileID: 6019831894657544328}
  m_LocalRotation: {x: -0, y: -0, z: -0, w: 1}
  m_LocalPosition: {x: -302.6144, y: -151.21172, z: 101.26361}
  m_LocalScale: {x: 1, y: 1, z: 1}
  m_Children: []
  m_Father: {fileID: 2305533425901668228}
  m_RootOrder: 29
  m_LocalEulerAnglesHint: {x: 0, y: 0, z: 0}
--- !u!114 &3806709287107982991
MonoBehaviour:
  m_ObjectHideFlags: 0
  m_CorrespondingSourceObject: {fileID: 0}
  m_PrefabInstance: {fileID: 0}
  m_PrefabAsset: {fileID: 0}
  m_GameObject: {fileID: 6019831894657544328}
  m_Enabled: 1
  m_EditorHideFlags: 0
  m_Script: {fileID: 11500000, guid: 25fb867d2049d41f597aefdd6b19f598, type: 3}
  m_Name: 
  m_EditorClassIdentifier: 
  nameText: "\u041B\u0438\u0430\u043C"
  nameColor: {r: 1, g: 1, b: 1, a: 1}
  soundEffect: {fileID: 0}
  bodyPosition: {x: -43.2, y: 369.8}
  body: {fileID: 21300000, guid: f706b0c8a64ad1d418cd0ac6fab44449, type: 3}
  portraits:
  - {fileID: 21300000, guid: d3422805b5cfb064eb77db1459de9ed7, type: 3}
  - {fileID: 21300000, guid: cf556a5f5118c0c4e811805c872e42eb, type: 3}
  - {fileID: 21300000, guid: 1600a982be408c242b66daec09789e2c, type: 3}
  portraitsFace: 2
  setSayDialog: {fileID: 0}
  description: 
--- !u!1 &6558491648568971615
GameObject:
  m_ObjectHideFlags: 0
  m_CorrespondingSourceObject: {fileID: 0}
  m_PrefabInstance: {fileID: 0}
  m_PrefabAsset: {fileID: 0}
  serializedVersion: 6
  m_Component:
  - component: {fileID: 6844486069349390949}
  - component: {fileID: 8780291384816120115}
  m_Layer: 0
  m_Name: "\u041A\u0438\u0442\u0442\u0438"
  m_TagString: Untagged
  m_Icon: {fileID: 0}
  m_NavMeshLayer: 0
  m_StaticEditorFlags: 0
  m_IsActive: 1
--- !u!4 &6844486069349390949
Transform:
  m_ObjectHideFlags: 0
  m_CorrespondingSourceObject: {fileID: 0}
  m_PrefabInstance: {fileID: 0}
  m_PrefabAsset: {fileID: 0}
  m_GameObject: {fileID: 6558491648568971615}
  m_LocalRotation: {x: -0, y: -0, z: -0, w: 1}
  m_LocalPosition: {x: -302.6144, y: -151.21172, z: 101.26361}
  m_LocalScale: {x: 1, y: 1, z: 1}
  m_Children: []
  m_Father: {fileID: 2305533425901668228}
  m_RootOrder: 37
  m_LocalEulerAnglesHint: {x: 0, y: 0, z: 0}
--- !u!114 &8780291384816120115
MonoBehaviour:
  m_ObjectHideFlags: 0
  m_CorrespondingSourceObject: {fileID: 0}
  m_PrefabInstance: {fileID: 0}
  m_PrefabAsset: {fileID: 0}
  m_GameObject: {fileID: 6558491648568971615}
  m_Enabled: 1
  m_EditorHideFlags: 0
  m_Script: {fileID: 11500000, guid: 25fb867d2049d41f597aefdd6b19f598, type: 3}
  m_Name: 
  m_EditorClassIdentifier: 
  nameText: "\u041A\u0438\u0442\u0442\u0438"
  nameColor: {r: 1, g: 1, b: 1, a: 1}
  soundEffect: {fileID: 0}
  bodyPosition: {x: -5.1, y: 300.4}
  body: {fileID: 21300000, guid: af5ffe7bab9a6ac43a231d0c6b3084bd, type: 3}
  portraits:
  - {fileID: 21300000, guid: 4914d323fafd0fd49817e3653abb2544, type: 3}
  - {fileID: 21300000, guid: ce1c7f1dc028cce47999b0ef6d46ab6f, type: 3}
  portraitsFace: 2
  setSayDialog: {fileID: 0}
  description: 
--- !u!1 &6605156782913506418
GameObject:
  m_ObjectHideFlags: 0
  m_CorrespondingSourceObject: {fileID: 0}
  m_PrefabInstance: {fileID: 0}
  m_PrefabAsset: {fileID: 0}
  serializedVersion: 6
  m_Component:
  - component: {fileID: 5957905926854893944}
  - component: {fileID: 5591773636366769251}
  m_Layer: 0
  m_Name: "\u041F\u0435\u0432\u0438\u0446\u0430 (\u042D\u043B\u0438\u0441)"
  m_TagString: Untagged
  m_Icon: {fileID: 0}
  m_NavMeshLayer: 0
  m_StaticEditorFlags: 0
  m_IsActive: 1
--- !u!4 &5957905926854893944
Transform:
  m_ObjectHideFlags: 0
  m_CorrespondingSourceObject: {fileID: 0}
  m_PrefabInstance: {fileID: 0}
  m_PrefabAsset: {fileID: 0}
  m_GameObject: {fileID: 6605156782913506418}
  m_LocalRotation: {x: -0, y: -0, z: -0, w: 1}
  m_LocalPosition: {x: -302.6144, y: -151.21172, z: 101.26361}
  m_LocalScale: {x: 1, y: 1, z: 1}
  m_Children: []
  m_Father: {fileID: 2305533425901668228}
  m_RootOrder: 22
  m_LocalEulerAnglesHint: {x: 0, y: 0, z: 0}
--- !u!114 &5591773636366769251
MonoBehaviour:
  m_ObjectHideFlags: 0
  m_CorrespondingSourceObject: {fileID: 0}
  m_PrefabInstance: {fileID: 0}
  m_PrefabAsset: {fileID: 0}
  m_GameObject: {fileID: 6605156782913506418}
  m_Enabled: 1
  m_EditorHideFlags: 0
  m_Script: {fileID: 11500000, guid: 25fb867d2049d41f597aefdd6b19f598, type: 3}
  m_Name: 
  m_EditorClassIdentifier: 
  nameText: "\u041F\u0435\u0432\u0438\u0446\u0430"
  nameColor: {r: 1, g: 1, b: 1, a: 1}
  soundEffect: {fileID: 0}
  bodyPosition: {x: -16.7, y: 316.3}
  body: {fileID: 21300000, guid: c1c4d9aa388a64c4fae3ad55a10e3089, type: 3}
  portraits:
  - {fileID: 21300000, guid: e832ecbb917170e41b5d9c786994ec16, type: 3}
  - {fileID: 21300000, guid: 34d71235d86a24746bce0a253a7a4b87, type: 3}
  - {fileID: 21300000, guid: b88ee6267355a384cb62e4e3e36c0795, type: 3}
  - {fileID: 21300000, guid: 60994d002d733dd419d445a759885f86, type: 3}
  - {fileID: 21300000, guid: adf6c227c01fd324ab37c2567bfec8d0, type: 3}
  - {fileID: 21300000, guid: d94453bd428776d4bbfe22f084715531, type: 3}
  portraitsFace: 2
  setSayDialog: {fileID: 0}
  description: 
--- !u!1 &7157243083131304973
GameObject:
  m_ObjectHideFlags: 0
  m_CorrespondingSourceObject: {fileID: 0}
  m_PrefabInstance: {fileID: 0}
  m_PrefabAsset: {fileID: 0}
  serializedVersion: 6
  m_Component:
  - component: {fileID: 3800325453980395352}
  - component: {fileID: 8491777306028263701}
  m_Layer: 0
  m_Name: "\u041C\u0430\u0440\u0438 "
  m_TagString: Untagged
  m_Icon: {fileID: 0}
  m_NavMeshLayer: 0
  m_StaticEditorFlags: 0
  m_IsActive: 1
--- !u!4 &3800325453980395352
Transform:
  m_ObjectHideFlags: 0
  m_CorrespondingSourceObject: {fileID: 0}
  m_PrefabInstance: {fileID: 0}
  m_PrefabAsset: {fileID: 0}
  m_GameObject: {fileID: 7157243083131304973}
  m_LocalRotation: {x: -0, y: -0, z: -0, w: 1}
  m_LocalPosition: {x: -302.6144, y: -151.21172, z: 101.26361}
  m_LocalScale: {x: 1, y: 1, z: 1}
  m_Children: []
  m_Father: {fileID: 2305533425901668228}
  m_RootOrder: 32
  m_LocalEulerAnglesHint: {x: 0, y: 0, z: 0}
--- !u!114 &8491777306028263701
MonoBehaviour:
  m_ObjectHideFlags: 0
  m_CorrespondingSourceObject: {fileID: 0}
  m_PrefabInstance: {fileID: 0}
  m_PrefabAsset: {fileID: 0}
  m_GameObject: {fileID: 7157243083131304973}
  m_Enabled: 1
  m_EditorHideFlags: 0
  m_Script: {fileID: 11500000, guid: 25fb867d2049d41f597aefdd6b19f598, type: 3}
  m_Name: 
  m_EditorClassIdentifier: 
  nameText: "\u041C\u0430\u0440\u0438 "
  nameColor: {r: 1, g: 1, b: 1, a: 1}
  soundEffect: {fileID: 0}
  bodyPosition: {x: -46.3, y: 317.6}
  body: {fileID: 21300000, guid: 8be9d5a7322e0334eaaf272073647e7b, type: 3}
  portraits:
  - {fileID: 21300000, guid: 01a888f4db7f2924a8bca981bc6bba93, type: 3}
  - {fileID: 21300000, guid: f8df639c59cc615419c5abaaf716c5f7, type: 3}
  portraitsFace: 2
  setSayDialog: {fileID: 0}
  description: 
--- !u!1 &7502027601192139829
GameObject:
  m_ObjectHideFlags: 0
  m_CorrespondingSourceObject: {fileID: 0}
  m_PrefabInstance: {fileID: 0}
  m_PrefabAsset: {fileID: 0}
  serializedVersion: 6
  m_Component:
  - component: {fileID: 937108466337975304}
  - component: {fileID: 7526703032624217000}
  m_Layer: 0
  m_Name: "\u041C\u0443\u0436\u0447\u0438\u043D\u0430(\u0413\u0435\u043D\u0440\u0438\u0445)"
  m_TagString: Untagged
  m_Icon: {fileID: 0}
  m_NavMeshLayer: 0
  m_StaticEditorFlags: 0
  m_IsActive: 1
--- !u!4 &937108466337975304
Transform:
  m_ObjectHideFlags: 0
  m_CorrespondingSourceObject: {fileID: 0}
  m_PrefabInstance: {fileID: 0}
  m_PrefabAsset: {fileID: 0}
  m_GameObject: {fileID: 7502027601192139829}
  m_LocalRotation: {x: -0, y: -0, z: -0, w: 1}
  m_LocalPosition: {x: -302.6144, y: -151.21172, z: 101.26361}
  m_LocalScale: {x: 1, y: 1, z: 1}
  m_Children: []
  m_Father: {fileID: 2305533425901668228}
  m_RootOrder: 9
  m_LocalEulerAnglesHint: {x: 0, y: 0, z: 0}
--- !u!114 &7526703032624217000
MonoBehaviour:
  m_ObjectHideFlags: 0
  m_CorrespondingSourceObject: {fileID: 0}
  m_PrefabInstance: {fileID: 0}
  m_PrefabAsset: {fileID: 0}
  m_GameObject: {fileID: 7502027601192139829}
  m_Enabled: 1
  m_EditorHideFlags: 0
  m_Script: {fileID: 11500000, guid: 25fb867d2049d41f597aefdd6b19f598, type: 3}
  m_Name: 
  m_EditorClassIdentifier: 
  nameText: "\u041C\u0443\u0436\u0447\u0438\u043D\u0430"
  nameColor: {r: 1, g: 1, b: 1, a: 1}
  soundEffect: {fileID: 0}
  bodyPosition: {x: -2.1, y: 361.6}
  body: {fileID: 21300000, guid: 9c3b4b2fda5467b47ad4bee1c954810c, type: 3}
  portraits:
  - {fileID: 21300000, guid: 4b56f8a55faeab84d8b21725f5c1b17b, type: 3}
  - {fileID: 21300000, guid: 393532079b7279246b123ec96bdc0a1b, type: 3}
  - {fileID: 21300000, guid: 801b8161ea21efc469b22cadb5488484, type: 3}
  - {fileID: 21300000, guid: b53b179718c1f474a9e4958c7fbd0e3a, type: 3}
  portraitsFace: 2
  setSayDialog: {fileID: 0}
  description: 
--- !u!1 &7882487608801287379
GameObject:
  m_ObjectHideFlags: 0
  m_CorrespondingSourceObject: {fileID: 0}
  m_PrefabInstance: {fileID: 0}
  m_PrefabAsset: {fileID: 0}
  serializedVersion: 6
  m_Component:
  - component: {fileID: 3397773953150354816}
  - component: {fileID: 5509930549822524349}
  m_Layer: 0
  m_Name: "\u041A\u043E\u0434\u04382"
  m_TagString: Untagged
  m_Icon: {fileID: 0}
  m_NavMeshLayer: 0
  m_StaticEditorFlags: 0
  m_IsActive: 1
--- !u!4 &3397773953150354816
Transform:
  m_ObjectHideFlags: 0
  m_CorrespondingSourceObject: {fileID: 0}
  m_PrefabInstance: {fileID: 0}
  m_PrefabAsset: {fileID: 0}
  m_GameObject: {fileID: 7882487608801287379}
  m_LocalRotation: {x: -0, y: -0, z: -0, w: 1}
  m_LocalPosition: {x: -302.6144, y: -151.21172, z: 101.26361}
  m_LocalScale: {x: 1, y: 1, z: 1}
  m_Children: []
  m_Father: {fileID: 2305533425901668228}
  m_RootOrder: 35
  m_LocalEulerAnglesHint: {x: 0, y: 0, z: 0}
--- !u!114 &5509930549822524349
MonoBehaviour:
  m_ObjectHideFlags: 0
  m_CorrespondingSourceObject: {fileID: 0}
  m_PrefabInstance: {fileID: 0}
  m_PrefabAsset: {fileID: 0}
  m_GameObject: {fileID: 7882487608801287379}
  m_Enabled: 1
  m_EditorHideFlags: 0
  m_Script: {fileID: 11500000, guid: 25fb867d2049d41f597aefdd6b19f598, type: 3}
  m_Name: 
  m_EditorClassIdentifier: 
  nameText: "\u041A\u043E\u0434\u0438"
  nameColor: {r: 1, g: 1, b: 1, a: 1}
  soundEffect: {fileID: 0}
  bodyPosition: {x: 0, y: 0}
  body: {fileID: 0}
  portraits:
  - {fileID: 21300000, guid: 5e3eb2dbb44a33848becfc38ddff7f1e, type: 3}
  portraitsFace: 2
  setSayDialog: {fileID: 0}
  description: 
--- !u!1 &7996712079060579761
GameObject:
  m_ObjectHideFlags: 0
  m_CorrespondingSourceObject: {fileID: 0}
  m_PrefabInstance: {fileID: 0}
  m_PrefabAsset: {fileID: 0}
  serializedVersion: 6
  m_Component:
  - component: {fileID: 5938572694102734399}
  - component: {fileID: 9091933420532628879}
  m_Layer: 0
  m_Name: "\u041F\u043E\u0441\u0435\u0442\u0438\u0442\u0435\u043B\u044C"
  m_TagString: Untagged
  m_Icon: {fileID: 0}
  m_NavMeshLayer: 0
  m_StaticEditorFlags: 0
  m_IsActive: 1
--- !u!4 &5938572694102734399
Transform:
  m_ObjectHideFlags: 0
  m_CorrespondingSourceObject: {fileID: 0}
  m_PrefabInstance: {fileID: 0}
  m_PrefabAsset: {fileID: 0}
  m_GameObject: {fileID: 7996712079060579761}
  m_LocalRotation: {x: -0, y: -0, z: -0, w: 1}
  m_LocalPosition: {x: -302.6144, y: -151.21172, z: 101.26361}
  m_LocalScale: {x: 1, y: 1, z: 1}
  m_Children: []
  m_Father: {fileID: 2305533425901668228}
  m_RootOrder: 27
  m_LocalEulerAnglesHint: {x: 0, y: 0, z: 0}
--- !u!114 &9091933420532628879
MonoBehaviour:
  m_ObjectHideFlags: 0
  m_CorrespondingSourceObject: {fileID: 0}
  m_PrefabInstance: {fileID: 0}
  m_PrefabAsset: {fileID: 0}
  m_GameObject: {fileID: 7996712079060579761}
  m_Enabled: 1
  m_EditorHideFlags: 0
  m_Script: {fileID: 11500000, guid: 25fb867d2049d41f597aefdd6b19f598, type: 3}
  m_Name: 
  m_EditorClassIdentifier: 
  nameText: "\u041F\u043E\u0441\u0435\u0442\u0438\u0442\u0435\u043B\u044C"
  nameColor: {r: 1, g: 1, b: 1, a: 1}
  soundEffect: {fileID: 0}
  bodyPosition: {x: 0, y: 0}
  body: {fileID: 0}
  portraits:
  - {fileID: 21300000, guid: 0d00b70df8254cc4b8933978bce39920, type: 3}
  portraitsFace: 2
  setSayDialog: {fileID: 0}
  description: 
--- !u!1 &8314111894651938912
GameObject:
  m_ObjectHideFlags: 0
  m_CorrespondingSourceObject: {fileID: 0}
  m_PrefabInstance: {fileID: 0}
  m_PrefabAsset: {fileID: 0}
  serializedVersion: 6
  m_Component:
  - component: {fileID: 9030333018635215280}
  - component: {fileID: 6728819229224625556}
  m_Layer: 0
  m_Name: "\u042D\u043B\u0438\u0441"
  m_TagString: Untagged
  m_Icon: {fileID: 0}
  m_NavMeshLayer: 0
  m_StaticEditorFlags: 0
  m_IsActive: 1
--- !u!4 &9030333018635215280
Transform:
  m_ObjectHideFlags: 0
  m_CorrespondingSourceObject: {fileID: 0}
  m_PrefabInstance: {fileID: 0}
  m_PrefabAsset: {fileID: 0}
  m_GameObject: {fileID: 8314111894651938912}
  m_LocalRotation: {x: -0, y: -0, z: -0, w: 1}
  m_LocalPosition: {x: -302.6144, y: -151.21172, z: 101.26361}
  m_LocalScale: {x: 1, y: 1, z: 1}
  m_Children: []
  m_Father: {fileID: 2305533425901668228}
  m_RootOrder: 23
  m_LocalEulerAnglesHint: {x: 0, y: 0, z: 0}
--- !u!114 &6728819229224625556
MonoBehaviour:
  m_ObjectHideFlags: 0
  m_CorrespondingSourceObject: {fileID: 0}
  m_PrefabInstance: {fileID: 0}
  m_PrefabAsset: {fileID: 0}
  m_GameObject: {fileID: 8314111894651938912}
  m_Enabled: 1
  m_EditorHideFlags: 0
  m_Script: {fileID: 11500000, guid: 25fb867d2049d41f597aefdd6b19f598, type: 3}
  m_Name: 
  m_EditorClassIdentifier: 
  nameText: "\u042D\u043B\u0438\u0441"
  nameColor: {r: 1, g: 1, b: 1, a: 1}
  soundEffect: {fileID: 0}
  bodyPosition: {x: -16.7, y: 316.3}
  body: {fileID: 21300000, guid: c1c4d9aa388a64c4fae3ad55a10e3089, type: 3}
  portraits:
  - {fileID: 21300000, guid: e832ecbb917170e41b5d9c786994ec16, type: 3}
  - {fileID: 21300000, guid: 34d71235d86a24746bce0a253a7a4b87, type: 3}
  - {fileID: 21300000, guid: b88ee6267355a384cb62e4e3e36c0795, type: 3}
  - {fileID: 21300000, guid: 60994d002d733dd419d445a759885f86, type: 3}
  - {fileID: 21300000, guid: adf6c227c01fd324ab37c2567bfec8d0, type: 3}
  - {fileID: 21300000, guid: d94453bd428776d4bbfe22f084715531, type: 3}
  portraitsFace: 2
  setSayDialog: {fileID: 0}
  description: 
